LocalTime,TradingDay,InstrumentID,ExchangeID,LastPrice,Volume,Turnover,UpperLimitPrice,LowerLimitPrice,UpdateTime,UpdateMillisec,ActionDay
1640089802520605952,20211222,y2212,DCE,8066.0,0,0.0,8564.0,7444.0,18:34:55,0,20211222
1640089802520635092,20211222,v2212,DCE,8231.0,0,0.0,8806.0,7654.0,18:34:55,0,20211222
1640089802520668444,20211222,ag2212,SHFE,4868.0,0,0.0,5331.0,4362.0,18:35:30,400,20211221
1640089802520687553,20211221,MA211,CZCE,2549.0,0,0.0,2747.0,2387.0,19:17:19,0,20211221
1640089802520708625,20211221,TA211,CZCE,4792.0,0,0.0,5070.0,4494.0,19:17:19,0,20211221
1640089802520724865,20211222,y2211,DCE,8076.0,0,0.0,8586.0,7466.0,18:34:55,0,20211222
1640089802520735752,20211222,lu2212,INE,3296.0,0,0.0,3823.0,2768.0,18:35:30,400,20211221
1640089802520745000,20211222,sc2412,INE,431.8,0,0.0,466.3,397.2,18:35:30,400,20211221
1640089802520764856,20211222,v2211,DCE,8181.0,0,0.0,8753.0,7609.0,18:34:55,0,20211222
1640089802520790249,20211222,sc2211,INE,449.4,0,0.0,485.3,413.4,18:35:30,400,20211221
1640089802520796554,20211222,au2203,SHFE,370.56,0,0.0,393.12,348.62,18:35:30,400,20211221
1640089802520861195,20211222,lu2211,INE,3310.0,0,0.0,3574.0,3045.0,18:35:30,400,20211221
1640089802520872979,20211222,lu2210,INE,3281.0,0,0.0,3543.0,3018.0,18:35:30,400,20211221
1640089802520874901,20211222,v2209,DCE,8275.0,0,0.0,8888.0,7726.0,18:34:55,0,20211222
1640089802520909676,20211221,MA209,CZCE,2546.0,0,0.0,2736.0,2378.0,19:17:19,0,20211221
1640089802520919276,20211222,ag2210,SHFE,4818.0,0,0.0,5300.0,4337.0,18:35:30,400,20211221
1640089802521252309,20211222,y2209,DCE,8160.0,0,0.0,8672.0,7540.0,18:34:55,0,20211222
1640089802521257926,20211222,sc2409,INE,435.0,0,0.0,468.2,398.9,18:35:30,400,20211221
1640089802521322060,20211222,au2210,SHFE,373.94,0,0.0,396.2,351.34,18:35:30,400,20211221
1640089802521348147,20211222,sc2207,INE,449.1,0,0.0,485.0,413.1,18:35:30,400,20211221
1640089802521349757,20211222,lu2207,INE,3423.0,0,0.0,3696.0,3149.0,18:35:30,400,20211221
1640089802521374262,20211221,MA208,CZCE,2580.0,0,0.0,2751.0,2391.0,19:17:19,0,20211221
1640089802521382776,20211222,y2208,DCE,8218.0,0,0.0,8736.0,7596.0,18:34:55,0,20211222
1640089802521407664,20211221,TA207,CZCE,4692.0,0,0.0,4902.0,4346.0,19:17:19,0,20211221
1640089802521458473,20211221,TA209,CZCE,4716.0,0,0.0,4944.0,4384.0,19:17:19,0,20211221
1640089802521465902,20211222,sc2208,INE,450.6,0,0.0,486.6,414.5,18:35:30,400,20211221
1640089802521474522,20211222,au2201,SHFE,367.8,0,0.0,390.48,346.26,18:35:30,400,20211221
1640089802521515589,20211222,lu2201,INE,3220.0,0,0.0,3557.0,3030.0,18:35:30,400,20211221
1640089802521553553,20211222,lu2204,INE,3348.0,0,0.0,3594.0,3061.0,18:35:30,400,20211221
1640089802521562020,20211222,sc2406,INE,428.8,0,0.0,463.1,394.4,18:35:30,400,20211221
1640089802521567118,20211221,TA212,CZCE,4794.0,0,0.0,5082.0,4506.0,19:17:19,0,20211221
1640089802521876117,20211222,v2203,DCE,8472.0,0,0.0,9078.0,7892.0,18:34:55,0,20211222
1640089802521882784,20211222,au2202,SHFE,369.72,0,0.0,392.84,348.38,18:35:30,400,20211221
1640089802521918861,20211222,sc2204,INE,450.9,0,0.0,479.5,408.4,18:35:30,400,20211221
1640089802521945353,20211222,sc2309,INE,446.9,0,0.0,482.6,411.1,18:35:30,400,20211221
1640089802521962947,20211222,au2204,SHFE,370.74,0,0.0,394.02,349.4,18:35:30,400,20211221
1640089802521995164,20211221,MA212,CZCE,2555.0,0,0.0,2732.0,2374.0,19:17:19,0,20211221
1640089802522034518,20211221,TA202,CZCE,4604.0,0,0.0,4828.0,4280.0,19:17:19,0,20211221
1640089802522050983,20211222,v2201,DCE,8515.0,0,0.0,9111.0,7919.0,18:34:55,0,20211222
1640089802522060023,20211222,lu2202,INE,3420.0,0,0.0,3679.0,3134.0,18:35:30,400,20211221
1640089802522083535,20211222,ag2202,SHFE,4740.0,0,0.0,5192.0,4248.0,18:35:30,400,20211221
1640089802522120271,20211222,y2203,DCE,8580.0,0,0.0,9084.0,7896.0,18:34:55,0,20211222
1640089802522777598,20211222,sc2212,INE,436.7,0,0.0,474.2,403.9,18:35:30,400,20211221
1640089802522810017,20211222,sc2303,INE,443.2,0,0.0,478.5,407.6,18:35:30,400,20211221
1640089802522832120,20211222,lu2208,INE,3355.0,0,0.0,3623.0,3086.0,18:35:30,400,20211221
1640089802522854386,20211222,ag2207,SHFE,4807.0,0,0.0,5269.0,4311.0,18:35:30,400,20211221
1640089802523232392,20211221,TA203,CZCE,4618.0,0,0.0,4836.0,4288.0,19:17:19,0,20211221
1640089802523259266,20211222,sc2306,INE,436.4,0,0.0,471.3,401.4,18:35:30,400,20211221
1640089802523287921,20211222,sc2209,INE,448.2,0,0.0,483.5,411.8,18:35:30,400,20211221
1640089802523295113,20211222,v2210,DCE,8348.0,0,0.0,8932.0,7764.0,18:34:55,0,20211222
1640089802523316647,20211222,au2212,SHFE,374.3,0,0.0,397.44,352.46,18:35:30,400,20211221
1640089802523327850,20211222,sc2202,INE,454.4,0,0.0,482.6,411.1,18:35:30,400,20211221
1640089802523338392,20211221,TA201,CZCE,4610.0,0,0.0,4878.0,4238.0,19:17:19,0,20211221
1640089802523340410,20211222,ag2201,SHFE,4733.0,0,0.0,5185.0,4242.0,18:35:30,400,20211221
1640089802523355536,20211222,lu2205,INE,3336.0,0,0.0,3574.0,3045.0,18:35:30,400,20211221
1640089802523382826,20211221,MA205,CZCE,2568.0,0,0.0,2823.0,2355.0,19:17:19,0,20211221
1640089802523384521,20211222,v2202,DCE,8471.0,0,0.0,9084.0,7896.0,18:34:55,0,20211222
1640089802523404518,20211221,TA206,CZCE,4676.0,0,0.0,4906.0,4350.0,19:17:19,0,20211221
1640089802523416863,20211221,MA206,CZCE,2562.0,0,0.0,2761.0,2399.0,19:17:19,0,20211221
1640089802523425483,20211222,sc2403,INE,428.9,0,0.0,463.2,394.5,18:35:30,400,20211221
1640089802523434700,20211221,TA210,CZCE,4774.0,0,0.0,5024.0,4452.0,19:17:19,0,20211221
1640089802523441815,20211222,ag2203,SHFE,4753.0,0,0.0,5205.0,4258.0,18:35:30,400,20211221
1640089802523467924,20211222,lu2203,INE,3382.0,0,0.0,3626.0,3089.0,18:35:30,400,20211221
1640089802523474264,20211222,y2205,DCE,8376.0,0,0.0,8890.0,7730.0,18:34:55,0,20211222
1640089802523490721,20211222,ag2208,SHFE,4821.0,0,0.0,5275.0,4316.0,18:35:30,400,20211221
1640089802523509631,20211222,v2206,DCE,8386.0,0,0.0,8994.0,7818.0,18:34:55,0,20211222
1640089802523521710,20211221,MA201,CZCE,2646.0,0,0.0,2902.0,2422.0,19:17:19,0,20211221
1640089802523531876,20211222,sc2203,INE,452.8,0,0.0,482.0,410.5,18:35:30,400,20211221
1640089802523535245,20211222,sc2201,INE,455.0,0,0.0,491.0,418.3,18:35:30,400,20211221
1640089802523568624,20211222,ag2211,SHFE,4844.0,0,0.0,5281.0,4320.0,18:35:30,400,20211221
1640089802523588872,20211221,MA202,CZCE,2609.0,0,0.0,2857.0,2385.0,19:17:19,0,20211221
1640089802523906926,20211222,v2207,DCE,8443.0,0,0.0,8950.0,7780.0,18:34:55,0,20211222
1640089802523925045,20211222,au2206,SHFE,371.64,0,0.0,394.86,350.16,18:35:30,400,20211221
1640089802523965442,20211222,lu2209,INE,3036.0,0,0.0,3278.0,2793.0,18:35:30,400,20211221
1640089802523968969,20211222,ag2206,SHFE,4795.0,0,0.0,5250.0,4295.0,18:35:30,400,20211221
1640089802523974676,20211222,ag2205,SHFE,4779.0,0,0.0,5234.0,4283.0,18:35:30,400,20211221
1640089802524017120,20211222,sc2312,INE,435.1,0,0.0,469.9,400.2,18:35:30,400,20211221
1640089802524048143,20211222,ag2209,SHFE,4809.0,0,0.0,5270.0,4311.0,18:35:30,400,20211221
1640089802524120734,20211221,MA210,CZCE,2546.0,0,0.0,2746.0,2386.0,19:17:19,0,20211221
1640089802524184052,20211222,sc2205,INE,450.8,0,0.0,481.4,410.1,18:35:30,400,20211221
1640089802524202279,20211222,lu2206,INE,3280.0,0,0.0,3542.0,3017.0,18:35:30,400,20211221
1640089802524524661,20211221,TA205,CZCE,4666.0,0,0.0,4884.0,4328.0,19:17:19,0,20211221
1640089802524526738,20211221,TA204,CZCE,4646.0,0,0.0,4870.0,4318.0,19:17:19,0,20211221
1640089802524557287,20211221,MA204,CZCE,2581.0,0,0.0,2837.0,2367.0,19:17:19,0,20211221
1640089802524569959,20211222,ag2204,SHFE,4765.0,0,0.0,5222.0,4273.0,18:35:30,400,20211221
1640089802524595047,20211222,v2204,DCE,8466.0,0,0.0,9078.0,7892.0,18:34:55,0,20211222
1640089802524658880,20211221,TA208,CZCE,4708.0,0,0.0,4952.0,4388.0,19:17:19,0,20211221
1640089802524686475,20211222,v2205,DCE,8423.0,0,0.0,9040.0,7858.0,18:34:55,0,20211222
1640089802525164013,20211222,au2208,SHFE,372.52,0,0.0,395.8,350.98,18:35:30,400,20211221
1640089802525205189,20211222,y2201,DCE,8868.0,0,0.0,9410.0,8182.0,18:34:55,0,20211222
1640089802525210794,20211222,v2208,DCE,8401.0,0,0.0,8748.0,7604.0,18:34:55,0,20211222
1640089802525235489,20211222,sc2206,INE,450.5,0,0.0,479.8,408.7,18:35:30,400,20211221
1640089802525261441,20211222,sc2210,INE,450.1,0,0.0,481.3,410.0,18:35:30,400,20211221
1640089802525271480,20211221,MA203,CZCE,2592.0,0,0.0,2846.0,2376.0,19:17:19,0,20211221
1640089802525285310,20211222,y2207,DCE,8278.0,0,0.0,8796.0,7648.0,18:34:55,0,20211222
1640089802525300600,20211221,MA207,CZCE,2559.0,0,0.0,2758.0,2396.0,19:17:19,0,20211221
1640091300112598306,20211221,TA201,CZCE,4610.0,0,0.0,4878.0,4238.0,20:55:00,0,20211221
1640091300112731358,20211221,TA205,CZCE,4666.0,0,0.0,4884.0,4328.0,20:55:00,0,20211221
1640091300566948305,20211221,MA201,CZCE,2646.0,0,0.0,2902.0,2422.0,20:55:00,0,20211221
1640091300566987143,20211221,MA202,CZCE,2609.0,0,0.0,2857.0,2385.0,20:55:00,0,20211221
1640091300567127493,20211221,MA203,CZCE,2592.0,0,0.0,2846.0,2376.0,20:55:00,0,20211221
1640091300594063406,20211221,MA205,CZCE,2568.0,0,0.0,2823.0,2355.0,20:55:00,0,20211221
1640091300594076012,20211221,MA209,CZCE,2546.0,0,0.0,2736.0,2378.0,20:55:00,0,20211221
1640091300594145948,20211221,TA201,CZCE,4610.0,0,0.0,4878.0,4238.0,20:55:00,0,20211221
1640091300594152699,20211221,TA203,CZCE,4618.0,0,0.0,4836.0,4288.0,20:55:00,0,20211221
1640091300594156010,20211221,TA205,CZCE,4666.0,0,0.0,4884.0,4328.0,20:55:00,0,20211221
1640091301065747399,20211221,MA203,CZCE,2592.0,0,0.0,2846.0,2376.0,20:55:01,0,20211221
1640091301065816777,20211221,MA205,CZCE,2568.0,0,0.0,2823.0,2355.0,20:55:01,0,20211221
1640091301066269220,20211221,TA201,CZCE,4610.0,0,0.0,4878.0,4238.0,20:55:00,0,20211221
1640091301066393517,20211221,TA202,CZCE,4604.0,0,0.0,4828.0,4280.0,20:55:01,0,20211221
1640091301092864943,20211221,TA205,CZCE,4666.0,0,0.0,4884.0,4328.0,20:55:01,0,20211221
1640091301092877996,20211221,TA209,CZCE,4716.0,0,0.0,4944.0,4384.0,20:55:01,0,20211221
1640091301567050573,20211221,TA201,CZCE,4610.0,0,0.0,4878.0,4238.0,20:55:01,0,20211221
1640091301567184470,20211221,TA203,CZCE,4618.0,0,0.0,4836.0,4288.0,20:55:01,0,20211221
1640091301567354323,20211221,TA205,CZCE,4666.0,0,0.0,4884.0,4328.0,20:55:01,0,20211221
1640091302064553016,20211221,MA205,CZCE,2568.0,0,0.0,2823.0,2355.0,20:55:02,0,20211221
1640091303063108959,20211221,MA203,CZCE,2592.0,0,0.0,2846.0,2376.0,20:55:03,0,20211221
1640091303564409426,20211221,TA205,CZCE,4666.0,0,0.0,4884.0,4328.0,20:55:03,0,20211221
1640091304564751164,20211221,MA209,CZCE,2546.0,0,0.0,2736.0,2378.0,20:55:04,0,20211221
1640091304565158026,20211221,TA203,CZCE,4618.0,0,0.0,4836.0,4288.0,20:55:04,0,20211221
1640091305064997588,20211221,MA202,CZCE,2609.0,0,0.0,2857.0,2385.0,20:55:05,0,20211221
1640091305065221372,20211221,MA203,CZCE,2592.0,0,0.0,2846.0,2376.0,20:55:04,0,20211221
1640091305567342849,20211221,MA202,CZCE,2609.0,0,0.0,2857.0,2385.0,20:55:05,0,20211221
1640091305568262780,20211221,TA203,CZCE,4618.0,0,0.0,4836.0,4288.0,20:55:05,0,20211221
1640091306065523476,20211221,MA202,CZCE,2609.0,0,0.0,2857.0,2385.0,20:55:05,0,20211221
1640091307066323597,20211221,MA205,CZCE,2568.0,0,0.0,2823.0,2355.0,20:55:07,0,20211221
1640091307066909288,20211221,TA203,CZCE,4618.0,0,0.0,4836.0,4288.0,20:55:07,0,20211221
1640091307067127336,20211221,TA205,CZCE,4666.0,0,0.0,4884.0,4328.0,20:55:07,0,20211221
1640091307566592429,20211221,MA202,CZCE,2609.0,0,0.0,2857.0,2385.0,20:55:07,0,20211221
1640091308065888371,20211221,TA205,CZCE,4666.0,0,0.0,4884.0,4328.0,20:55:08,0,20211221
1640091308567078464,20211221,MA202,CZCE,2609.0,0,0.0,2857.0,2385.0,20:55:08,0,20211221
1640091309066963716,20211221,MA201,CZCE,2646.0,0,0.0,2902.0,2422.0,20:55:08,0,20211221
1640091309067138062,20211221,MA203,CZCE,2592.0,0,0.0,2846.0,2376.0,20:55:08,0,20211221
1640091309067264100,20211221,TA205,CZCE,4666.0,0,0.0,4884.0,4328.0,20:55:08,0,20211221
1640091309567821884,20211221,TA201,CZCE,4610.0,0,0.0,4878.0,4238.0,20:55:09,0,20211221
1640091309567957798,20211221,TA209,CZCE,4716.0,0,0.0,4944.0,4384.0,20:55:09,0,20211221
1640091310567328014,20211221,TA201,CZCE,4610.0,0,0.0,4878.0,4238.0,20:55:10,0,20211221
1640091312068250528,20211221,TA201,CZCE,4610.0,0,0.0,4878.0,4238.0,20:55:12,0,20211221
1640091312569333143,20211221,TA205,CZCE,4666.0,0,0.0,4884.0,4328.0,20:55:12,0,20211221
1640091317071995067,20211221,TA203,CZCE,4618.0,0,0.0,4836.0,4288.0,20:55:17,0,20211221
1640091317072348479,20211221,TA205,CZCE,4666.0,0,0.0,4884.0,4328.0,20:55:17,0,20211221
1640091319072468690,20211221,MA203,CZCE,2592.0,0,0.0,2846.0,2376.0,20:55:18,0,20211221
1640091319572508847,20211221,MA209,CZCE,2546.0,0,0.0,2736.0,2378.0,20:55:19,0,20211221
1640091321072745078,20211221,MA201,CZCE,2646.0,0,0.0,2902.0,2422.0,20:55:21,0,20211221
1640091321573865772,20211221,MA201,CZCE,2646.0,0,0.0,2902.0,2422.0,20:55:21,0,20211221
1640091321574309457,20211221,TA201,CZCE,4610.0,0,0.0,4878.0,4238.0,20:55:21,0,20211221
1640091322573753947,20211221,MA203,CZCE,2592.0,0,0.0,2846.0,2376.0,20:55:22,0,20211221
1640091324075235791,20211221,MA202,CZCE,2609.0,0,0.0,2857.0,2385.0,20:55:23,0,20211221
1640091324075481844,20211221,MA205,CZCE,2568.0,0,0.0,2823.0,2355.0,20:55:24,0,20211221
1640091325074788311,20211221,MA201,CZCE,2646.0,0,0.0,2902.0,2422.0,20:55:25,0,20211221
1640091325075851511,20211221,MA203,CZCE,2592.0,0,0.0,2846.0,2376.0,20:55:24,0,20211221
1640091326074994667,20211221,MA201,CZCE,2646.0,0,0.0,2902.0,2422.0,20:55:26,0,20211221
1640091327577366360,20211221,MA205,CZCE,2568.0,0,0.0,2823.0,2355.0,20:55:27,0,20211221
1640091329069406788,20211221,MA201,CZCE,2646.0,0,0.0,2902.0,2422.0,20:55:28,0,20211221
1640091329570465687,20211221,MA205,CZCE,2568.0,0,0.0,2823.0,2355.0,20:55:29,0,20211221
1640091330069368517,20211221,MA203,CZCE,2592.0,0,0.0,2846.0,2376.0,20:55:29,0,20211221
1640091331070069452,20211221,TA201,CZCE,4610.0,0,0.0,4878.0,4238.0,20:55:31,0,20211221
1640091332570911837,20211221,TA201,CZCE,4610.0,0,0.0,4878.0,4238.0,20:55:32,0,20211221
1640091332571050885,20211221,TA205,CZCE,4666.0,0,0.0,4884.0,4328.0,20:55:32,0,20211221
1640091333571188432,20211221,MA205,CZCE,2568.0,0,0.0,2823.0,2355.0,20:55:33,0,20211221
1640091334071066532,20211221,MA205,CZCE,2568.0,0,0.0,2823.0,2355.0,20:55:33,0,20211221
1640091334572336193,20211221,TA201,CZCE,4610.0,0,0.0,4878.0,4238.0,20:55:34,0,20211221
1640091335071835888,20211221,TA201,CZCE,4610.0,0,0.0,4878.0,4238.0,20:55:35,0,20211221
1640091337573266690,20211221,MA203,CZCE,2592.0,0,0.0,2846.0,2376.0,20:55:37,0,20211221
1640091340575501893,20211221,TA202,CZCE,4604.0,0,0.0,4828.0,4280.0,20:55:40,0,20211221
1640091341077406502,20211221,TA201,CZCE,4610.0,0,0.0,4878.0,4238.0,20:55:40,0,20211221
1640091342077472902,20211221,MA203,CZCE,2592.0,0,0.0,2846.0,2376.0,20:55:41,0,20211221
1640091342077626414,20211221,TA201,CZCE,4610.0,0,0.0,4878.0,4238.0,20:55:42,0,20211221
1640091342577763892,20211221,MA203,CZCE,2592.0,0,0.0,2846.0,2376.0,20:55:42,0,20211221
1640091344078346105,20211221,MA205,CZCE,2568.0,0,0.0,2823.0,2355.0,20:55:44,0,20211221
1640091344078809287,20211221,TA203,CZCE,4618.0,0,0.0,4836.0,4288.0,20:55:43,0,20211221
1640091345078687448,20211221,MA203,CZCE,2592.0,0,0.0,2846.0,2376.0,20:55:45,0,20211221
1640091345079270247,20211221,TA201,CZCE,4610.0,0,0.0,4878.0,4238.0,20:55:45,0,20211221
1640091346080159894,20211221,MA203,CZCE,2592.0,0,0.0,2846.0,2376.0,20:55:45,0,20211221
1640091349080455886,20211221,MA207,CZCE,2559.0,0,0.0,2758.0,2396.0,20:55:48,0,20211221
1640091349581191165,20211221,MA203,CZCE,2592.0,0,0.0,2846.0,2376.0,20:55:49,0,20211221
1640091351581783236,20211221,TA205,CZCE,4666.0,0,0.0,4884.0,4328.0,20:55:51,0,20211221
1640091353082773562,20211221,MA207,CZCE,2559.0,0,0.0,2758.0,2396.0,20:55:52,0,20211221
1640091353584092318,20211221,MA201,CZCE,2646.0,0,0.0,2902.0,2422.0,20:55:53,0,20211221
1640091353584133556,20211221,MA203,CZCE,2592.0,0,0.0,2846.0,2376.0,20:55:53,0,20211221
1640091353584551220,20211221,TA201,CZCE,4610.0,0,0.0,4878.0,4238.0,20:55:53,0,20211221
1640091356586044940,20211221,MA205,CZCE,2568.0,0,0.0,2823.0,2355.0,20:55:56,0,20211221
1640091357086328852,20211221,MA205,CZCE,2568.0,0,0.0,2823.0,2355.0,20:55:57,0,20211221
1640091357586279124,20211221,TA202,CZCE,4604.0,0,0.0,4828.0,4280.0,20:55:57,0,20211221
1640091358580184758,20211221,MA202,CZCE,2609.0,0,0.0,2857.0,2385.0,20:55:58,0,20211221
1640091358580334530,20211221,MA207,CZCE,2559.0,0,0.0,2758.0,2396.0,20:55:58,0,20211221
1640091359078410426,20211221,TA203,CZCE,4618.0,0,0.0,4836.0,4288.0,20:55:59,0,20211221
1640091360080110101,20211221,MA209,CZCE,2546.0,0,0.0,2736.0,2378.0,20:55:59,0,20211221
1640091361080910274,20211221,MA202,CZCE,2609.0,0,0.0,2857.0,2385.0,20:56:01,0,20211221
1640091361081207913,20211221,MA205,CZCE,2568.0,0,0.0,2823.0,2355.0,20:56:00,0,20211221
1640091361579696023,20211221,TA202,CZCE,4604.0,0,0.0,4828.0,4280.0,20:56:01,0,20211221
1640091362080155442,20211221,MA201,CZCE,2646.0,0,0.0,2902.0,2422.0,20:56:02,0,20211221
1640091362581567333,20211221,MA201,CZCE,2646.0,0,0.0,2902.0,2422.0,20:56:02,0,20211221
1640091362581606517,20211221,MA207,CZCE,2559.0,0,0.0,2758.0,2396.0,20:56:02,0,20211221
1640091362581644333,20211221,TA201,CZCE,4610.0,0,0.0,4878.0,4238.0,20:56:02,0,20211221
1640091364582768105,20211221,TA203,CZCE,4618.0,0,0.0,4836.0,4288.0,20:56:04,0,20211221
1640091365081233393,20211221,TA203,CZCE,4618.0,0,0.0,4836.0,4288.0,20:56:05,0,20211221
1640091366583331596,20211221,TA201,CZCE,4610.0,0,0.0,4878.0,4238.0,20:56:06,0,20211221
1640091368083313541,20211221,TA203,CZCE,4618.0,0,0.0,4836.0,4288.0,20:56:07,0,20211221
1640091368583219010,20211221,TA201,CZCE,4610.0,0,0.0,4878.0,4238.0,20:56:08,0,20211221
1640091375086730943,20211221,TA203,CZCE,4618.0,0,0.0,4836.0,4288.0,20:56:14,0,20211221
1640091376087895009,20211221,MA201,CZCE,2646.0,0,0.0,2902.0,2422.0,20:56:16,0,20211221
1640091376088132886,20211221,TA201,CZCE,4610.0,0,0.0,4878.0,4238.0,20:56:15,0,20211221
1640091377588656385,20211221,MA201,CZCE,2646.0,0,0.0,2902.0,2422.0,20:56:17,0,20211221
1640091386593168877,20211221,TA201,CZCE,4610.0,0,0.0,4878.0,4238.0,20:56:26,0,20211221
1640091388094365124,20211221,MA203,CZCE,2592.0,0,0.0,2846.0,2376.0,20:56:28,0,20211221
1640091391597305640,20211221,TA201,CZCE,4610.0,0,0.0,4878.0,4238.0,20:56:31,0,20211221
1640091393597144361,20211221,TA203,CZCE,4618.0,0,0.0,4836.0,4288.0,20:56:33,0,20211221
1640091394097492424,20211221,MA201,CZCE,2646.0,0,0.0,2902.0,2422.0,20:56:33,0,20211221
1640091398599838668,20211221,TA202,CZCE,4604.0,0,0.0,4828.0,4280.0,20:56:38,0,20211221
1640091399600245255,20211221,TA201,CZCE,4610.0,0,0.0,4878.0,4238.0,20:56:39,0,20211221
1640091401101089619,20211221,MA202,CZCE,2609.0,0,0.0,2857.0,2385.0,20:56:41,0,20211221
1640091407104852865,20211221,MA205,CZCE,2568.0,0,0.0,2823.0,2355.0,20:56:47,0,20211221
1640091409606572736,20211221,TA203,CZCE,4618.0,0,0.0,4836.0,4288.0,20:56:49,0,20211221
1640091412606769299,20211221,TA201,CZCE,4610.0,0,0.0,4878.0,4238.0,20:56:52,0,20211221
1640091414607392974,20211221,MA205,CZCE,2568.0,0,0.0,2823.0,2355.0,20:56:54,0,20211221
1640091415110151805,20211221,TA203,CZCE,4618.0,0,0.0,4836.0,4288.0,20:56:54,0,20211221
1640091416109943621,20211221,TA202,CZCE,4604.0,0,0.0,4828.0,4280.0,20:56:56,0,20211221
1640091416110302425,20211221,TA205,CZCE,4666.0,0,0.0,4884.0,4328.0,20:56:56,0,20211221
1640091420612235322,20211221,TA205,CZCE,4666.0,0,0.0,4884.0,4328.0,20:57:00,0,20211221
1640091421113118784,20211221,MA205,CZCE,2568.0,0,0.0,2823.0,2355.0,20:57:01,0,20211221
1640091421113680506,20211221,TA201,CZCE,4610.0,0,0.0,4878.0,4238.0,20:57:01,0,20211221
1640091426116500548,20211221,MA203,CZCE,2592.0,0,0.0,2846.0,2376.0,20:57:06,0,20211221
1640091426617618575,20211221,MA205,CZCE,2568.0,0,0.0,2823.0,2355.0,20:57:06,0,20211221
1640091427118230203,20211221,MA209,CZCE,2546.0,0,0.0,2736.0,2378.0,20:57:06,0,20211221
1640091427118615707,20211221,TA202,CZCE,4604.0,0,0.0,4828.0,4280.0,20:57:07,0,20211221
1640091429620319292,20211221,MA201,CZCE,2646.0,0,0.0,2902.0,2422.0,20:57:09,0,20211221
1640091429621386992,20211221,TA203,CZCE,4618.0,0,0.0,4836.0,4288.0,20:57:09,0,20211221
1640091429621536651,20211221,TA205,CZCE,4666.0,0,0.0,4884.0,4328.0,20:57:09,0,20211221
1640091431121395407,20211221,MA202,CZCE,2609.0,0,0.0,2857.0,2385.0,20:57:11,0,20211221
1640091432120022193,20211221,MA201,CZCE,2646.0,0,0.0,2902.0,2422.0,20:57:11,0,20211221
1640091432621511480,20211221,MA201,CZCE,2646.0,0,0.0,2902.0,2422.0,20:57:12,0,20211221
1640091432621519248,20211221,MA203,CZCE,2592.0,0,0.0,2846.0,2376.0,20:57:12,0,20211221
1640091433110496258,20211221,TA201,CZCE,4610.0,0,0.0,4878.0,4238.0,20:57:13,0,20211221
1640091438113624634,20211221,MA205,CZCE,2568.0,0,0.0,2823.0,2355.0,20:57:17,0,20211221
1640091438613237277,20211221,TA203,CZCE,4618.0,0,0.0,4836.0,4288.0,20:57:18,0,20211221
1640091439614333401,20211221,MA205,CZCE,2568.0,0,0.0,2823.0,2355.0,20:57:19,0,20211221
1640091443116067114,20211221,MA207,CZCE,2559.0,0,0.0,2758.0,2396.0,20:57:22,0,20211221
1640091443615815655,20211221,TA203,CZCE,4618.0,0,0.0,4836.0,4288.0,20:57:23,0,20211221
1640091444616339062,20211221,MA207,CZCE,2559.0,0,0.0,2758.0,2396.0,20:57:24,0,20211221
1640091445617290762,20211221,TA201,CZCE,4610.0,0,0.0,4878.0,4238.0,20:57:25,0,20211221
1640091447118324908,20211221,MA201,CZCE,2646.0,0,0.0,2902.0,2422.0,20:57:27,0,20211221
1640091448619008505,20211221,MA201,CZCE,2646.0,0,0.0,2902.0,2422.0,20:57:28,0,20211221
1640091448619157395,20211221,MA203,CZCE,2592.0,0,0.0,2846.0,2376.0,20:57:28,0,20211221
1640091449119789977,20211221,TA201,CZCE,4610.0,0,0.0,4878.0,4238.0,20:57:29,0,20211221
1640091449619504230,20211221,MA203,CZCE,2592.0,0,0.0,2846.0,2376.0,20:57:29,0,20211221
1640091452620915003,20211221,TA201,CZCE,4610.0,0,0.0,4878.0,4238.0,20:57:32,0,20211221
1640091454621522956,20211221,TA203,CZCE,4618.0,0,0.0,4836.0,4288.0,20:57:34,0,20211221
1640091455621915370,20211221,MA201,CZCE,2646.0,0,0.0,2902.0,2422.0,20:57:35,0,20211221
1640091456622565581,20211221,TA201,CZCE,4610.0,0,0.0,4878.0,4238.0,20:57:36,0,20211221
1640091462626625663,20211221,TA201,CZCE,4610.0,0,0.0,4878.0,4238.0,20:57:42,0,20211221
1640091463126723414,20211221,TA201,CZCE,4610.0,0,0.0,4878.0,4238.0,20:57:43,0,20211221
1640091463627636898,20211221,TA202,CZCE,4604.0,0,0.0,4828.0,4280.0,20:57:43,0,20211221
1640091464627044219,20211221,TA201,CZCE,4610.0,0,0.0,4878.0,4238.0,20:57:44,0,20211221
1640091465628121850,20211221,TA202,CZCE,4604.0,0,0.0,4828.0,4280.0,20:57:45,0,20211221
1640091466627656507,20211221,TA202,CZCE,4604.0,0,0.0,4828.0,4280.0,20:57:46,0,20211221
1640091467129814828,20211221,MA201,CZCE,2646.0,0,0.0,2902.0,2422.0,20:57:46,0,20211221
1640091467129823443,20211221,TA202,CZCE,4604.0,0,0.0,4828.0,4280.0,20:57:46,0,20211221
1640091469129422732,20211221,MA209,CZCE,2546.0,0,0.0,2736.0,2378.0,20:57:48,0,20211221
1640091469129537984,20211221,TA202,CZCE,4604.0,0,0.0,4828.0,4280.0,20:57:49,0,20211221
1640091470129801213,20211221,TA201,CZCE,4610.0,0,0.0,4878.0,4238.0,20:57:50,0,20211221
1640091471631320360,20211221,TA202,CZCE,4604.0,0,0.0,4828.0,4280.0,20:57:51,0,20211221
1640091474132512377,20211221,MA203,CZCE,2592.0,0,0.0,2846.0,2376.0,20:57:54,0,20211221
1640091474132734024,20211221,TA202,CZCE,4604.0,0,0.0,4828.0,4280.0,20:57:54,0,20211221
1640091475132738336,20211221,TA201,CZCE,4610.0,0,0.0,4878.0,4238.0,20:57:54,0,20211221
1640091475632410152,20211221,MA201,CZCE,2646.0,0,0.0,2902.0,2422.0,20:57:55,0,20211221
1640091476132460889,20211221,MA201,CZCE,2646.0,0,0.0,2902.0,2422.0,20:57:55,0,20211221
1640091476132673897,20211221,TA203,CZCE,4618.0,0,0.0,4836.0,4288.0,20:57:55,0,20211221
1640091476647039332,20211221,MA201,CZCE,2646.0,0,0.0,2902.0,2422.0,20:57:56,0,20211221
1640091477134319387,20211221,MA201,CZCE,2646.0,0,0.0,2902.0,2422.0,20:57:57,0,20211221
1640091477134470382,20211221,TA203,CZCE,4618.0,0,0.0,4836.0,4288.0,20:57:57,0,20211221
1640091477633540649,20211221,MA201,CZCE,2646.0,0,0.0,2902.0,2422.0,20:57:57,0,20211221
1640091478634104817,20211221,TA201,CZCE,4610.0,0,0.0,4878.0,4238.0,20:57:58,0,20211221
1640091479634316524,20211221,TA201,CZCE,4610.0,0,0.0,4878.0,4238.0,20:57:59,0,20211221
1640091480634639163,20211221,TA202,CZCE,4604.0,0,0.0,4828.0,4280.0,20:58:00,0,20211221
1640091481636218225,20211221,TA205,CZCE,4666.0,0,0.0,4884.0,4328.0,20:58:01,0,20211221
1640091482137431593,20211221,MA201,CZCE,2646.0,0,0.0,2902.0,2422.0,20:58:02,0,20211221
1640091482138112100,20211221,TA205,CZCE,4666.0,0,0.0,4884.0,4328.0,20:58:02,0,20211221
1640091483136893513,20211221,TA205,CZCE,4666.0,0,0.0,4884.0,4328.0,20:58:03,0,20211221
1640091483636665917,20211221,TA205,CZCE,4666.0,0,0.0,4884.0,4328.0,20:58:03,0,20211221
1640091484137095056,20211221,MA209,CZCE,2546.0,0,0.0,2736.0,2378.0,20:58:04,0,20211221
1640091484137232181,20211221,TA205,CZCE,4666.0,0,0.0,4884.0,4328.0,20:58:04,0,20211221
1640091485629777803,20211221,TA203,CZCE,4618.0,0,0.0,4836.0,4288.0,20:58:05,0,20211221
1640091486129028150,20211221,TA202,CZCE,4604.0,0,0.0,4828.0,4280.0,20:58:05,0,20211221
1640091486129144543,20211221,TA203,CZCE,4618.0,0,0.0,4836.0,4288.0,20:58:05,0,20211221
1640091487129285680,20211221,TA203,CZCE,4618.0,0,0.0,4836.0,4288.0,20:58:06,0,20211221
1640091487630507978,20211221,TA202,CZCE,4604.0,0,0.0,4828.0,4280.0,20:58:07,0,20211221
1640091488129942151,20211221,TA203,CZCE,4618.0,0,0.0,4836.0,4288.0,20:58:08,0,20211221
1640091488630088139,20211221,TA202,CZCE,4604.0,0,0.0,4828.0,4280.0,20:58:08,0,20211221
1640091489130434105,20211221,TA203,CZCE,4618.0,0,0.0,4836.0,4288.0,20:58:09,0,20211221
1640091489631496715,20211221,TA202,CZCE,4604.0,0,0.0,4828.0,4280.0,20:58:09,0,20211221
1640091491131979852,20211221,TA202,CZCE,4604.0,0,0.0,4828.0,4280.0,20:58:10,0,20211221
1640091491132077968,20211221,TA203,CZCE,4618.0,0,0.0,4836.0,4288.0,20:58:10,0,20211221
1640091491632522375,20211221,TA203,CZCE,4618.0,0,0.0,4836.0,4288.0,20:58:11,0,20211221
1640091494133233471,20211221,TA201,CZCE,4610.0,0,0.0,4878.0,4238.0,20:58:14,0,20211221
1640091494133367122,20211221,TA203,CZCE,4618.0,0,0.0,4836.0,4288.0,20:58:13,0,20211221
1640091495133033616,20211221,TA202,CZCE,4604.0,0,0.0,4828.0,4280.0,20:58:15,0,20211221
1640091495633479780,20211221,TA202,CZCE,4604.0,0,0.0,4828.0,4280.0,20:58:15,0,20211221
1640091496133227291,20211221,TA203,CZCE,4618.0,0,0.0,4836.0,4288.0,20:58:15,0,20211221
1640091497134195816,20211221,TA203,CZCE,4618.0,0,0.0,4836.0,4288.0,20:58:16,0,20211221
1640091499134458650,20211221,TA203,CZCE,4618.0,0,0.0,4836.0,4288.0,20:58:19,0,20211221
1640091500135908912,20211221,TA203,CZCE,4618.0,0,0.0,4836.0,4288.0,20:58:19,0,20211221
1640091501136562871,20211221,MA202,CZCE,2609.0,0,0.0,2857.0,2385.0,20:58:20,0,20211221
1640091502636578116,20211221,TA205,CZCE,4666.0,0,0.0,4884.0,4328.0,20:58:22,0,20211221
1640091503138904244,20211221,TA205,CZCE,4666.0,0,0.0,4884.0,4328.0,20:58:23,0,20211221
1640091503638250455,20211221,TA205,CZCE,4666.0,0,0.0,4884.0,4328.0,20:58:23,0,20211221
1640091504138931380,20211221,TA203,CZCE,4618.0,0,0.0,4836.0,4288.0,20:58:24,0,20211221
1640091505139136042,20211221,TA203,CZCE,4618.0,0,0.0,4836.0,4288.0,20:58:24,0,20211221
1640091505640547621,20211221,TA203,CZCE,4618.0,0,0.0,4836.0,4288.0,20:58:25,0,20211221
1640091506641286167,20211221,TA201,CZCE,4610.0,0,0.0,4878.0,4238.0,20:58:26,0,20211221
1640091506641410536,20211221,TA203,CZCE,4618.0,0,0.0,4836.0,4288.0,20:58:26,0,20211221
1640091507141876396,20211221,TA203,CZCE,4618.0,0,0.0,4836.0,4288.0,20:58:27,0,20211221
1640091507142022967,20211221,TA205,CZCE,4666.0,0,0.0,4884.0,4328.0,20:58:27,0,20211221
1640091507641663515,20211221,MA203,CZCE,2592.0,0,0.0,2846.0,2376.0,20:58:27,0,20211221
1640091507642151232,20211221,TA201,CZCE,4610.0,0,0.0,4878.0,4238.0,20:58:27,0,20211221
1640091507642272757,20211221,TA203,CZCE,4618.0,0,0.0,4836.0,4288.0,20:58:27,0,20211221
1640091508140827039,20211221,MA205,CZCE,2568.0,0,0.0,2823.0,2355.0,20:58:28,0,20211221
1640091508642461620,20211221,TA201,CZCE,4610.0,0,0.0,4878.0,4238.0,20:58:28,0,20211221
1640091508642652430,20211221,TA202,CZCE,4604.0,0,0.0,4828.0,4280.0,20:58:28,0,20211221
1640091508642722832,20211221,TA203,CZCE,4618.0,0,0.0,4836.0,4288.0,20:58:28,0,20211221
1640091509141076087,20211221,TA201,CZCE,4610.0,0,0.0,4878.0,4238.0,20:58:29,0,20211221
1640091509642291432,20211221,TA203,CZCE,4618.0,0,0.0,4836.0,4288.0,20:58:29,0,20211221
1640091510143104672,20211221,TA201,CZCE,4610.0,0,0.0,4878.0,4238.0,20:58:30,0,20211221
1640091510643446074,20211221,TA201,CZCE,4610.0,0,0.0,4878.0,4238.0,20:58:30,0,20211221
1640091511143617045,20211221,TA201,CZCE,4610.0,0,0.0,4878.0,4238.0,20:58:31,0,20211221
1640091511644737932,20211221,TA201,CZCE,4610.0,0,0.0,4878.0,4238.0,20:58:31,0,20211221
1640091512144775787,20211221,TA201,CZCE,4610.0,0,0.0,4878.0,4238.0,20:58:32,0,20211221
1640091512645833108,20211221,TA201,CZCE,4610.0,0,0.0,4878.0,4238.0,20:58:32,0,20211221
1640091513146440543,20211221,TA201,CZCE,4610.0,0,0.0,4878.0,4238.0,20:58:33,0,20211221
1640091513146594902,20211221,TA203,CZCE,4618.0,0,0.0,4836.0,4288.0,20:58:33,0,20211221
1640091513647189013,20211221,TA201,CZCE,4610.0,0,0.0,4878.0,4238.0,20:58:33,0,20211221
1640091514147405142,20211221,TA201,CZCE,4610.0,0,0.0,4878.0,4238.0,20:58:34,0,20211221
1640091514648492564,20211221,TA201,CZCE,4610.0,0,0.0,4878.0,4238.0,20:58:34,0,20211221
1640091515147396478,20211221,TA201,CZCE,4610.0,0,0.0,4878.0,4238.0,20:58:35,0,20211221
1640091515648506965,20211221,MA203,CZCE,2592.0,0,0.0,2846.0,2376.0,20:58:35,0,20211221
1640091515649002057,20211221,TA201,CZCE,4610.0,0,0.0,4878.0,4238.0,20:58:35,0,20211221
1640091516147942562,20211221,TA201,CZCE,4610.0,0,0.0,4878.0,4238.0,20:58:36,0,20211221
1640091516647845617,20211221,TA201,CZCE,4610.0,0,0.0,4878.0,4238.0,20:58:36,0,20211221
1640091517138339336,20211221,TA201,CZCE,4610.0,0,0.0,4878.0,4238.0,20:58:37,0,20211221
1640091517639286714,20211221,TA201,CZCE,4610.0,0,0.0,4878.0,4238.0,20:58:37,0,20211221
1640091518139736703,20211221,TA201,CZCE,4610.0,0,0.0,4878.0,4238.0,20:58:38,0,20211221
1640091518639725341,20211221,MA209,CZCE,2546.0,0,0.0,2736.0,2378.0,20:58:38,0,20211221
1640091518640199543,20211221,TA201,CZCE,4610.0,0,0.0,4878.0,4238.0,20:58:38,0,20211221
1640091519141750252,20211221,TA201,CZCE,4610.0,0,0.0,4878.0,4238.0,20:58:39,0,20211221
1640091519640562824,20211221,TA201,CZCE,4610.0,0,0.0,4878.0,4238.0,20:58:39,0,20211221
1640091520140857900,20211221,MA209,CZCE,2546.0,0,0.0,2736.0,2378.0,20:58:40,0,20211221
1640091520140957909,20211221,TA201,CZCE,4610.0,0,0.0,4878.0,4238.0,20:58:40,0,20211221
1640091520641764685,20211221,MA205,CZCE,2568.0,0,0.0,2823.0,2355.0,20:58:40,0,20211221
1640091520642546632,20211221,TA201,CZCE,4610.0,0,0.0,4878.0,4238.0,20:58:40,0,20211221
1640091521141052871,20211221,MA205,CZCE,2568.0,0,0.0,2823.0,2355.0,20:58:40,0,20211221
1640091521141836700,20211221,TA201,CZCE,4610.0,0,0.0,4878.0,4238.0,20:58:41,0,20211221
1640091521644420525,20211221,TA201,CZCE,4610.0,0,0.0,4878.0,4238.0,20:58:41,0,20211221
1640091522141780715,20211221,MA205,CZCE,2568.0,0,0.0,2823.0,2355.0,20:58:42,0,20211221
1640091522142692839,20211221,TA201,CZCE,4610.0,0,0.0,4878.0,4238.0,20:58:42,0,20211221
1640091522643182130,20211221,TA201,CZCE,4610.0,0,0.0,4878.0,4238.0,20:58:42,0,20211221
1640091523142507021,20211221,TA201,CZCE,4610.0,0,0.0,4878.0,4238.0,20:58:43,0,20211221
1640091523643397393,20211221,MA209,CZCE,2546.0,0,0.0,2736.0,2378.0,20:58:43,0,20211221
1640091523644360586,20211221,TA201,CZCE,4610.0,0,0.0,4878.0,4238.0,20:58:43,0,20211221
1640091524142448810,20211221,TA201,CZCE,4610.0,0,0.0,4878.0,4238.0,20:58:44,0,20211221
1640091524643178247,20211221,TA201,CZCE,4610.0,0,0.0,4878.0,4238.0,20:58:44,0,20211221
1640091525142205989,20211221,MA209,CZCE,2546.0,0,0.0,2736.0,2378.0,20:58:45,0,20211221
1640091525142622497,20211221,TA201,CZCE,4610.0,0,0.0,4878.0,4238.0,20:58:45,0,20211221
1640091525642979742,20211221,TA201,CZCE,4610.0,0,0.0,4878.0,4238.0,20:58:45,0,20211221
1640091526142316211,20211221,TA201,CZCE,4610.0,0,0.0,4878.0,4238.0,20:58:46,0,20211221
1640091527643568000,20211221,TA201,CZCE,4610.0,0,0.0,4878.0,4238.0,20:58:47,0,20211221
1640091528143419413,20211221,MA209,CZCE,2546.0,0,0.0,2736.0,2378.0,20:58:48,0,20211221
1640091528144106763,20211221,TA201,CZCE,4610.0,0,0.0,4878.0,4238.0,20:58:48,0,20211221
1640091528644755752,20211221,TA201,CZCE,4610.0,0,0.0,4878.0,4238.0,20:58:48,0,20211221
1640091529144446587,20211221,MA205,CZCE,2568.0,0,0.0,2823.0,2355.0,20:58:49,0,20211221
1640091529144997103,20211221,TA201,CZCE,4610.0,0,0.0,4878.0,4238.0,20:58:49,0,20211221
1640091529645471065,20211221,TA201,CZCE,4610.0,0,0.0,4878.0,4238.0,20:58:49,0,20211221
1640091530145046829,20211221,MA202,CZCE,2609.0,0,0.0,2857.0,2385.0,20:58:49,0,20211221
1640091530145664140,20211221,TA201,CZCE,4610.0,0,0.0,4878.0,4238.0,20:58:50,0,20211221
1640091530647407647,20211221,MA203,CZCE,2592.0,0,0.0,2846.0,2376.0,20:58:50,0,20211221
1640091530674840825,20211221,TA201,CZCE,4610.0,0,0.0,4878.0,4238.0,20:58:50,0,20211221
1640091531145625022,20211221,TA201,CZCE,4610.0,0,0.0,4878.0,4238.0,20:58:51,0,20211221
1640091531647273875,20211221,TA201,CZCE,4610.0,0,0.0,4878.0,4238.0,20:58:51,0,20211221
1640091532147134404,20211221,TA201,CZCE,4610.0,0,0.0,4878.0,4238.0,20:58:52,0,20211221
1640091532147281297,20211221,TA203,CZCE,4618.0,0,0.0,4836.0,4288.0,20:58:52,0,20211221
1640091532648597836,20211221,TA201,CZCE,4610.0,0,0.0,4878.0,4238.0,20:58:52,0,20211221
1640091533148053213,20211221,TA201,CZCE,4610.0,0,0.0,4878.0,4238.0,20:58:53,0,20211221
1640091533148136037,20211221,TA203,CZCE,4618.0,0,0.0,4836.0,4288.0,20:58:53,0,20211221
1640091533647934085,20211221,TA201,CZCE,4610.0,0,0.0,4878.0,4238.0,20:58:53,0,20211221
1640091533648150118,20211221,TA202,CZCE,4604.0,0,0.0,4828.0,4280.0,20:58:53,0,20211221
1640091534175698559,20211221,TA201,CZCE,4610.0,0,0.0,4878.0,4238.0,20:58:54,0,20211221
1640091534175713281,20211221,TA202,CZCE,4604.0,0,0.0,4828.0,4280.0,20:58:54,0,20211221
1640091534676776829,20211221,TA201,CZCE,4610.0,0,0.0,4878.0,4238.0,20:58:54,0,20211221
1640091534676790589,20211221,TA202,CZCE,4604.0,0,0.0,4828.0,4280.0,20:58:54,0,20211221
1640091534676792803,20211221,TA203,CZCE,4618.0,0,0.0,4836.0,4288.0,20:58:54,0,20211221
1640091535177547276,20211221,TA201,CZCE,4610.0,0,0.0,4878.0,4238.0,20:58:55,0,20211221
1640091535177554135,20211221,TA202,CZCE,4604.0,0,0.0,4828.0,4280.0,20:58:54,0,20211221
1640091535677803936,20211221,TA201,CZCE,4610.0,0,0.0,4878.0,4238.0,20:58:55,0,20211221
1640091536151516396,20211221,TA201,CZCE,4610.0,0,0.0,4878.0,4238.0,20:58:56,0,20211221
1640091536650805555,20211221,TA201,CZCE,4610.0,0,0.0,4878.0,4238.0,20:58:56,0,20211221
1640091537153607495,20211221,TA201,CZCE,4610.0,0,0.0,4878.0,4238.0,20:58:57,0,20211221
1640091537153687266,20211221,TA202,CZCE,4604.0,0,0.0,4828.0,4280.0,20:58:57,0,20211221
1640091537153768579,20211221,TA203,CZCE,4618.0,0,0.0,4836.0,4288.0,20:58:57,0,20211221
1640091537180497115,20211221,TA205,CZCE,4666.0,0,0.0,4884.0,4328.0,20:58:57,0,20211221
1640091537653513858,20211221,TA202,CZCE,4604.0,0,0.0,4828.0,4280.0,20:58:57,0,20211221
1640091537679709740,20211221,TA203,CZCE,4618.0,0,0.0,4836.0,4288.0,20:58:57,0,20211221
1640091537679715050,20211221,TA205,CZCE,4666.0,0,0.0,4884.0,4328.0,20:58:57,0,20211221
1640091538154846166,20211221,TA201,CZCE,4610.0,0,0.0,4878.0,4238.0,20:58:58,0,20211221
1640091538154926164,20211221,TA202,CZCE,4604.0,0,0.0,4828.0,4280.0,20:58:58,0,20211221
1640091538155146222,20211221,TA203,CZCE,4618.0,0,0.0,4836.0,4288.0,20:58:58,0,20211221
1640091538155325852,20211221,TA205,CZCE,4666.0,0,0.0,4884.0,4328.0,20:58:58,0,20211221
1640091538653721239,20211221,TA201,CZCE,4610.0,0,0.0,4878.0,4238.0,20:58:58,0,20211221
1640091538653883740,20211221,TA202,CZCE,4604.0,0,0.0,4828.0,4280.0,20:58:58,0,20211221
1640091538654005241,20211221,TA205,CZCE,4666.0,0,0.0,4884.0,4328.0,20:58:58,0,20211221
1640091539182969173,20211221,TA201,CZCE,4610.0,0,0.0,4878.0,4238.0,20:58:59,0,20211221
1640091539182972999,20211221,TA202,CZCE,4604.0,0,0.0,4828.0,4280.0,20:58:59,0,20211221
1640091539182975709,20211221,TA205,CZCE,4666.0,0,0.0,4884.0,4328.0,20:58:59,0,20211221
1640091539656390571,20211221,MA202,CZCE,2609.0,0,0.0,2857.0,2385.0,20:58:59,0,20211221
1640091539656553310,20211221,MA203,CZCE,2592.0,0,0.0,2846.0,2376.0,20:58:59,0,20211221
1640091539683541595,20211221,TA201,CZCE,4610.0,0,0.0,4878.0,4238.0,20:58:59,0,20211221
1640091539683544839,20211221,TA202,CZCE,4604.0,0,0.0,4828.0,4280.0,20:58:59,0,20211221
1640091539683548060,20211221,TA203,CZCE,4618.0,0,0.0,4836.0,4288.0,20:58:59,0,20211221
1640091539683931501,20211221,TA209,CZCE,4716.0,0,0.0,4944.0,4384.0,20:58:59,0,20211221
1640091540202065025,20211221,MA201,CZCE,2640.0,1389,3666960.0,2902.0,2422.0,20:59:00,0,20211221
1640091540202067119,20211221,MA202,CZCE,2589.0,2643,6842727.0,2857.0,2385.0,20:59:00,0,20211221
1640091540202071342,20211221,MA203,CZCE,2580.0,1582,4081560.0,2846.0,2376.0,20:59:00,0,20211221
1640091540202073067,20211221,MA204,CZCE,2581.0,0,0.0,2837.0,2367.0,20:59:00,0,20211221
1640091540202075064,20211221,MA205,CZCE,2552.0,5496,14025792.0,2823.0,2355.0,20:59:00,0,20211221
1640091540209419783,20211221,MA206,CZCE,2562.0,0,0.0,2761.0,2399.0,20:59:00,0,20211221
1640091540209685733,20211221,MA207,CZCE,2559.0,0,0.0,2758.0,2396.0,20:59:00,0,20211221
1640091540209690006,20211221,MA208,CZCE,2580.0,0,0.0,2751.0,2391.0,20:59:00,0,20211221
1640091540209709288,20211221,MA209,CZCE,2540.0,17,43180.0,2736.0,2378.0,20:59:00,0,20211221
1640091540209802118,20211221,MA210,CZCE,2546.0,0,0.0,2746.0,2386.0,20:59:00,0,20211221
1640091540247663270,20211221,TA201,CZCE,4630.0,6344,29372720.0,4878.0,4238.0,20:59:00,0,20211221
1640091540247785246,20211221,TA202,CZCE,4610.0,5997,27646170.0,4828.0,4280.0,20:59:00,0,20211221
1640091540248027002,20211221,TA203,CZCE,4632.0,3511,16262952.0,4836.0,4288.0,20:59:00,0,20211221
1640091540248153031,20211221,TA204,CZCE,4646.0,0,0.0,4870.0,4318.0,20:59:00,0,20211221
1640091540248396677,20211221,TA205,CZCE,4672.0,4993,23327296.0,4884.0,4328.0,20:59:00,0,20211221
1640091540248473417,20211221,TA207,CZCE,4692.0,0,0.0,4902.0,4346.0,20:59:00,0,20211221
1640091540248591479,20211221,TA209,CZCE,4728.0,1,4728.0,4944.0,4384.0,20:59:00,0,20211221
1640091540248680412,20211221,TA210,CZCE,4774.0,0,0.0,5024.0,4452.0,20:59:00,0,20211221
1640091540262764831,20211221,TA211,CZCE,4792.0,0,0.0,5070.0,4494.0,20:59:00,0,20211221
1640091540262888142,20211221,TA212,CZCE,4794.0,0,0.0,5082.0,4506.0,20:59:00,0,20211221
1640091540928963633,20211222,ag2201,SHFE,4797.0,10,719550.0,5185.0,4242.0,20:59:00,500,20211221
1640091540929190296,20211222,ag2202,SHFE,4806.0,26,1874340.0,5192.0,4248.0,20:59:00,500,20211221
1640091540929365750,20211222,ag2203,SHFE,4816.0,34,2456160.0,5205.0,4258.0,20:59:00,500,20211221
1640091540929482618,20211222,ag2204,SHFE,4821.0,10,723150.0,5222.0,4273.0,20:59:00,500,20211221
1640091540929650849,20211222,ag2205,SHFE,4845.0,507,36846225.0,5234.0,4283.0,20:59:00,500,20211221
1640091540957537439,20211222,ag2206,SHFE,4860.0,1310,95499000.0,5250.0,4295.0,20:59:00,500,20211221
1640091540957550774,20211222,ag2207,SHFE,4807.0,0,0.0,5269.0,4311.0,20:59:00,500,20211221
1640091540957564853,20211222,lu2201,INE,3220.0,0,0.0,3557.0,3030.0,20:59:00,500,20211221
1640091540957567715,20211222,lu2202,INE,3439.0,3,103170.0,3679.0,3134.0,20:59:00,500,20211221
1640091540957632412,20211222,lu2203,INE,3386.0,73,2471780.0,3626.0,3089.0,20:59:00,500,20211221
1640091540957635753,20211222,lu2204,INE,3359.0,2,67180.0,3594.0,3061.0,20:59:00,500,20211221
1640091540957638151,20211222,lu2205,INE,3336.0,0,0.0,3574.0,3045.0,20:59:00,500,20211221
1640091540957752185,20211222,sc2201,INE,455.0,0,0.0,491.0,418.3,20:59:00,500,20211221
1640091540957754807,20211222,sc2202,INE,455.79999999999995,54,24613199.999999996,482.6,411.1,20:59:00,500,20211221
1640091540957757001,20211222,sc2203,INE,453.90000000000003,2,907800.0000000001,482.0,410.5,20:59:00,500,20211221
1640091540957759346,20211222,sc2204,INE,450.9,0,0.0,479.5,408.4,20:59:00,500,20211221
1640091540957761348,20211222,sc2205,INE,450.8,0,0.0,481.4,410.1,20:59:00,500,20211221
1640091540957763150,20211222,sc2206,INE,450.5,0,0.0,479.8,408.7,20:59:00,500,20211221
1640091540957764545,20211222,sc2208,INE,450.6,0,0.0,486.6,414.5,20:59:00,500,20211221
1640091540957766266,20211222,sc2209,INE,448.2,0,0.0,483.5,411.8,20:59:00,500,20211221
1640091540957881122,20211222,sc2212,INE,436.7,0,0.0,474.2,403.9,20:59:00,500,20211221
1640091540957883243,20211222,sc2412,INE,431.8,0,0.0,466.3,397.2,20:59:00,500,20211221
1640091540957885496,20211222,ag2208,SHFE,4821.0,0,0.0,5275.0,4316.0,20:59:00,500,20211221
1640091540957888039,20211222,ag2209,SHFE,4837.0,1,72555.0,5270.0,4311.0,20:59:00,500,20211221
1640091540957889689,20211222,ag2210,SHFE,4818.0,0,0.0,5300.0,4337.0,20:59:00,500,20211221
1640091540957891571,20211222,ag2211,SHFE,4844.0,0,0.0,5281.0,4320.0,20:59:00,500,20211221
1640091540957893059,20211222,ag2212,SHFE,4868.0,0,0.0,5331.0,4362.0,20:59:00,500,20211221
1640091540958259930,20211222,au2201,SHFE,367.8,0,0.0,390.48,346.26,20:59:00,500,20211221
1640091540958354497,20211222,au2202,SHFE,371.2,74,27468800.0,392.84,348.38,20:59:00,500,20211221
1640091540958356664,20211222,au2203,SHFE,370.56,0,0.0,393.12,348.62,20:59:00,500,20211221
1640091540958359255,20211222,au2204,SHFE,372.0,8,2976000.0,394.02,349.4,20:59:00,500,20211221
1640091540958361619,20211222,au2206,SHFE,373.0,19,7086999.999999999,394.86,350.16,20:59:00,500,20211221
1640091540958364343,20211222,au2208,SHFE,373.52,35,13073200.0,395.8,350.98,20:59:00,500,20211221
1640091540958366281,20211222,au2210,SHFE,373.94,0,0.0,396.2,351.34,20:59:00,500,20211221
1640091540985902935,20211222,au2212,SHFE,374.3,0,0.0,397.44,352.46,20:59:00,500,20211221
1640091541510319656,20211222,v2206,DCE,8386.0,0,0.0,8994.0,7818.0,20:58:20,44,20211222
1640091541510321090,20211222,v2207,DCE,8443.0,0,0.0,8950.0,7780.0,20:55:20,7,20211222
1640091541510323876,20211222,v2208,DCE,8182.0,800,32728000.0,8748.0,7604.0,20:59:00,10,20211222
1640091541510325924,20211222,v2209,DCE,8275.0,0,0.0,8888.0,7726.0,20:58:50,450,20211222
1640091541510327868,20211222,v2205,DCE,8430.0,2174,91634100.0,9040.0,7858.0,20:59:00,10,20211222
1640091541510329174,20211222,v2204,DCE,8466.0,0,0.0,9078.0,7892.0,20:58:56,525,20211222
1640091541510331880,20211222,v2203,DCE,8482.0,5200,220532000.0,9078.0,7892.0,20:59:00,10,20211222
1640091541510334200,20211222,v2202,DCE,8480.0,5003,212127200.0,9084.0,7896.0,20:59:00,10,20211222
1640091541510336050,20211222,v2201,DCE,8490.0,43,1825350.0,9111.0,7919.0,20:59:00,10,20211222
1640091541657860370,20211222,y2211,DCE,8042.0,60,4825200.0,8586.0,7466.0,20:59:00,10,20211222
1640091541657958973,20211222,y2207,DCE,8278.0,0,0.0,8796.0,7648.0,20:58:59,72,20211222
1640091541659114053,20211222,y2208,DCE,8172.0,100,8172000.0,8736.0,7596.0,20:59:00,10,20211222
1640091541659116366,20211222,y2209,DCE,8160.0,0,0.0,8672.0,7540.0,20:58:56,695,20211222
1640091541660115461,20211222,y2212,DCE,8066.0,0,0.0,8564.0,7444.0,20:55:08,493,20211222
1640091541663022942,20211222,y2205,DCE,8396.0,442,37110320.0,8890.0,7730.0,20:59:00,10,20211222
1640091541663250367,20211222,y2203,DCE,8610.0,1,86100.0,9084.0,7896.0,20:59:00,10,20211222
1640091541663353441,20211222,y2201,DCE,8888.0,362,32174560.0,9410.0,8182.0,20:59:00,10,20211222
1640091600261988675,20211221,MA201,CZCE,2638.0,1431,3777840.0,2902.0,2422.0,21:00:00,0,20211221
1640091600261990868,20211221,MA203,CZCE,2577.0,1605,4140900.0,2846.0,2376.0,21:00:00,0,20211221
1640091600261992432,20211221,MA204,CZCE,2581.0,0,0.0,2837.0,2367.0,21:00:00,0,20211221
1640091600261994102,20211221,MA205,CZCE,2553.0,5878,15000656.0,2823.0,2355.0,21:00:00,0,20211221
1640091600261996352,20211221,MA209,CZCE,2535.0,25,63500.0,2736.0,2378.0,21:00:00,0,20211221
1640091600444204617,20211221,TA201,CZCE,4616.0,6346,29381980.0,4878.0,4238.0,21:00:00,0,20211221
1640091600444207605,20211221,TA202,CZCE,4610.0,5997,27646170.0,4828.0,4280.0,21:00:00,0,20211221
1640091600444211215,20211221,TA203,CZCE,4628.0,3513,16272216.0,4836.0,4288.0,21:00:00,0,20211221
1640091600444214674,20211221,TA204,CZCE,4646.0,0,0.0,4870.0,4318.0,21:00:00,0,20211221
1640091600444217688,20211221,TA205,CZCE,4670.0,5146,24042112.0,4884.0,4328.0,21:00:00,0,20211221
1640091600444220751,20211221,TA207,CZCE,4692.0,0,0.0,4902.0,4346.0,21:00:00,0,20211221
1640091600444224319,20211221,TA209,CZCE,4726.0,72,340272.0,4944.0,4384.0,21:00:00,0,20211221
1640091600444236277,20211222,y2209,DCE,8160.0,0,0.0,8672.0,7540.0,21:00:00,152,20211222
1640091600444240407,20211222,y2205,DCE,8392.0,537,45086100.0,8890.0,7730.0,21:00:00,159,20211222
1640091600444243047,20211222,y2203,DCE,8610.0,1,86100.0,9084.0,7896.0,21:00:00,159,20211222
1640091600444246165,20211222,y2201,DCE,8878.0,365,32440940.0,9410.0,8182.0,21:00:00,158,20211222
1640091600444261579,20211222,v2206,DCE,8386.0,1,41930.0,8994.0,7818.0,21:00:00,149,20211222
1640091600446684016,20211222,v2204,DCE,8466.0,0,0.0,9078.0,7892.0,21:00:00,128,20211222
1640091600446690505,20211222,v2201,DCE,8521.0,54,2294380.0,9111.0,7919.0,21:00:00,134,20211222
1640091600446693108,20211222,v2202,DCE,8480.0,5003,212127200.0,9084.0,7896.0,21:00:00,140,20211222
1640091600446695290,20211222,v2203,DCE,8482.0,5200,220532000.0,9078.0,7892.0,21:00:00,156,20211222
1640091600446699119,20211222,v2205,DCE,8435.0,2259,95218150.0,9040.0,7858.0,21:00:00,159,20211222
1640091600886692241,20211222,y2212,DCE,8066.0,0,0.0,8564.0,7444.0,21:00:00,233,20211222
1640091600889415910,20211222,y2211,DCE,8042.0,60,4825200.0,8586.0,7466.0,21:00:00,450,20211222
1640091600890445339,20211222,y2209,DCE,8160.0,0,0.0,8672.0,7540.0,21:00:00,447,20211222
1640091600890854776,20211222,y2208,DCE,8172.0,100,8172000.0,8736.0,7596.0,21:00:00,450,20211222
1640091600892581919,20211222,y2207,DCE,8278.0,0,0.0,8796.0,7648.0,21:00:00,450,20211222
1640091600949909619,20211222,y2205,DCE,8396.0,927,77833340.0,8890.0,7730.0,21:00:00,653,20211222
1640091600949929065,20211222,y2203,DCE,8610.0,1,86100.0,9084.0,7896.0,21:00:00,615,20211222
1640091600949931348,20211222,y2201,DCE,8880.0,382,33950860.0,9410.0,8182.0,21:00:00,615,20211222
1640091600949934290,20211222,v2206,DCE,8386.0,1,41930.0,8994.0,7818.0,21:00:00,447,20211222
1640091600949936205,20211222,v2212,DCE,8231.0,0,0.0,8806.0,7654.0,21:00:00,272,20211222
1640091600949937648,20211222,v2211,DCE,8181.0,0,0.0,8753.0,7609.0,21:00:00,272,20211222
1640091600949939315,20211222,v2209,DCE,8275.0,0,0.0,8888.0,7726.0,21:00:00,498,20211222
1640091600949940768,20211222,v2208,DCE,8182.0,800,32728000.0,8748.0,7604.0,21:00:00,453,20211222
1640091600949942070,20211222,v2207,DCE,8443.0,0,0.0,8950.0,7780.0,21:00:00,452,20211222
1640091600949943572,20211222,v2210,DCE,8348.0,0,0.0,8932.0,7764.0,21:00:00,454,20211222
1640091600949945697,20211222,v2204,DCE,8466.0,0,0.0,9078.0,7892.0,21:00:00,444,20211222
1640091600949947849,20211222,v2201,DCE,8524.0,185,7863810.0,9111.0,7919.0,21:00:00,651,20211222
1640091600949949762,20211222,v2202,DCE,8490.0,5008,212339390.0,9084.0,7896.0,21:00:00,444,20211222
1640091600949951049,20211222,v2203,DCE,8482.0,5200,220532000.0,9078.0,7892.0,21:00:00,444,20211222
1640091600949953409,20211222,v2205,DCE,8434.0,3031,127773845.0,9040.0,7858.0,21:00:00,656,20211222
1640091601002881908,20211222,lu2202,INE,3427.0,7,240610.0,3679.0,3134.0,21:00:00,500,20211221
1640091601002883921,20211222,lu2203,INE,3387.0,80,2709190.0,3626.0,3089.0,21:00:00,500,20211221
1640091601003682994,20211222,sc2201,INE,455.0,0,0.0,491.0,418.3,21:00:00,500,20211221
1640091601003685413,20211222,sc2202,INE,456.0,75,34185200.0,482.6,411.1,21:00:00,500,20211221
1640091601048808041,20211222,sc2203,INE,454.5,3,1362300.0,482.0,410.5,21:00:00,500,20211221
1640091601048822557,20211222,ag2201,SHFE,4797.0,10,719550.0,5185.0,4242.0,21:00:00,500,20211221
1640091601048825792,20211222,ag2202,SHFE,4801.0,52,3747960.0,5192.0,4248.0,21:00:00,500,20211221
1640091601048828392,20211222,ag2203,SHFE,4818.0,42,3034485.0,5205.0,4258.0,21:00:00,500,20211221
1640091601048831239,20211222,ag2204,SHFE,4827.0,12,867885.0,5222.0,4273.0,21:00:00,500,20211221
1640091601048834031,20211222,ag2205,SHFE,4831.0,520,37788885.0,5234.0,4283.0,21:00:00,500,20211221
1640091601048836305,20211222,ag2206,SHFE,4860.0,2086,152078985.0,5250.0,4295.0,21:00:00,500,20211221
1640091601048884324,20211222,ag2207,SHFE,4807.0,0,0.0,5269.0,4311.0,21:00:00,500,20211221
1640091601048887406,20211222,ag2208,SHFE,4821.0,0,0.0,5275.0,4316.0,21:00:00,500,20211221
1640091601048890304,20211222,ag2209,SHFE,4855.0,2,145380.0,5270.0,4311.0,21:00:00,500,20211221
1640091601048892776,20211222,ag2210,SHFE,4877.0,1,73155.0,5300.0,4337.0,21:00:00,500,20211221
1640091601048895048,20211222,ag2211,SHFE,4844.0,0,0.0,5281.0,4320.0,21:00:00,500,20211221
1640091601048897715,20211222,ag2212,SHFE,4925.0,2,147375.0,5331.0,4362.0,21:00:00,500,20211221
1640091601049641618,20211222,au2201,SHFE,367.8,0,0.0,390.48,346.26,21:00:00,500,20211221
1640091601049645298,20211222,au2202,SHFE,371.28000000000003,108,40091740.0,392.84,348.38,21:00:00,500,20211221
1640091601049647325,20211222,sc2204,INE,450.9,0,0.0,479.5,408.4,21:00:00,500,20211221
1640091601049661431,20211222,sc2205,INE,450.8,0,0.0,481.4,410.1,21:00:00,500,20211221
1640091601049665376,20211222,sc2206,INE,450.5,0,0.0,479.8,408.7,21:00:00,500,20211221
1640091601049667124,20211222,sc2211,INE,449.4,0,0.0,485.3,413.4,21:00:00,500,20211221
1640091601049669269,20211222,au2203,SHFE,370.56,0,0.0,393.12,348.62,21:00:00,500,20211221
1640091601049671869,20211222,au2204,SHFE,372.3,10,3720600.0,394.02,349.4,21:00:00,500,20211221
1640091601159290554,20211222,au2206,SHFE,373.0,26,9698040.0,394.86,350.16,21:00:00,500,20211221
1640091601159302993,20211222,au2208,SHFE,373.52,35,13073200.0,395.8,350.98,21:00:00,500,20211221
1640091601159306084,20211222,au2212,SHFE,374.3,0,0.0,397.44,352.46,21:00:00,500,20211221
1640091601294734409,20211221,MA201,CZCE,2637.0,1613,4258320.0,2902.0,2422.0,21:00:00,0,20211221
1640091601294736639,20211221,MA202,CZCE,2590.0,2727,7060203.0,2857.0,2385.0,21:00:00,0,20211221
1640091601294738707,20211221,MA203,CZCE,2575.0,1613,4161540.0,2846.0,2376.0,21:00:00,0,20211221
1640091601294740373,20211221,MA204,CZCE,2567.0,15,38490.0,2837.0,2367.0,21:00:00,0,20211221
1640091601294742137,20211221,MA205,CZCE,2555.0,8063,20576776.0,2823.0,2355.0,21:00:00,0,20211221
1640091601294744533,20211221,MA206,CZCE,2562.0,0,0.0,2761.0,2399.0,21:00:00,0,20211221
1640091601294747417,20211221,MA209,CZCE,2537.0,39,98982.0,2736.0,2378.0,21:00:00,0,20211221
1640091601296266356,20211221,TA201,CZCE,4620.0,6373,29506990.0,4878.0,4238.0,21:00:00,0,20211221
1640091601296268487,20211221,TA202,CZCE,4618.0,6010,27706100.0,4828.0,4280.0,21:00:00,0,20211221
1640091601296270196,20211221,TA203,CZCE,4628.0,3902,18074064.0,4836.0,4288.0,21:00:00,0,20211221
1640091601296272142,20211221,TA204,CZCE,4646.0,0,0.0,4870.0,4318.0,21:00:00,0,20211221
1640091601296273781,20211221,TA205,CZCE,4676.0,6108,28536576.0,4884.0,4328.0,21:00:00,0,20211221
1640091601296275317,20211221,TA207,CZCE,4692.0,0,0.0,4902.0,4346.0,21:00:00,0,20211221
1640091601296277240,20211221,TA209,CZCE,4730.0,76,359176.0,4944.0,4384.0,21:00:00,0,20211221
1640091601296278941,20211221,TA210,CZCE,4774.0,0,0.0,5024.0,4452.0,21:00:00,0,20211221
1640091601297056993,20211221,TA211,CZCE,4792.0,0,0.0,5070.0,4494.0,21:00:00,0,20211221
1640091601374881609,20211222,y2212,DCE,8066.0,0,0.0,8564.0,7444.0,21:00:00,922,20211222
1640091601375997490,20211222,y2211,DCE,8042.0,60,4825200.0,8586.0,7466.0,21:00:00,933,20211222
1640091601378062254,20211222,y2209,DCE,8160.0,0,0.0,8672.0,7540.0,21:00:00,852,20211222
1640091601378064663,20211222,y2208,DCE,8172.0,100,8172000.0,8736.0,7596.0,21:00:00,933,20211222
1640091601380156113,20211222,y2207,DCE,8278.0,0,0.0,8796.0,7648.0,21:00:00,933,20211222
1640091601380167559,20211222,y2205,DCE,8398.0,1117,93789140.0,8890.0,7730.0,21:00:01,145,20211222
1640091601403153971,20211222,y2203,DCE,8610.0,4,344400.0,9084.0,7896.0,21:00:01,145,20211222
1640091601403168708,20211222,y2201,DCE,8884.0,391,34750440.0,9410.0,8182.0,21:00:01,145,20211222
1640091601403171591,20211222,v2206,DCE,8386.0,1,41930.0,8994.0,7818.0,21:00:00,933,20211222
1640091601403173510,20211222,v2211,DCE,8181.0,0,0.0,8753.0,7609.0,21:00:00,825,20211222
1640091601403175440,20211222,v2209,DCE,8275.0,0,0.0,8888.0,7726.0,21:00:01,19,20211222
1640091601403177055,20211222,v2208,DCE,8182.0,800,32728000.0,8748.0,7604.0,21:00:00,918,20211222
1640091601403178429,20211222,v2207,DCE,8443.0,0,0.0,8950.0,7780.0,21:00:00,762,20211222
1640091601403180174,20211222,v2210,DCE,8348.0,0,0.0,8932.0,7764.0,21:00:01,124,20211222
1640091601403181968,20211222,v2204,DCE,8466.0,0,0.0,9078.0,7892.0,21:00:00,945,20211222
1640091601403184119,20211222,v2201,DCE,8524.0,185,7863810.0,9111.0,7919.0,21:00:00,983,20211222
1640091601403186492,20211222,v2202,DCE,8485.0,5066,214801465.0,9084.0,7896.0,21:00:01,93,20211222
1640091601403188557,20211222,v2203,DCE,8482.0,5230,221805420.0,9078.0,7892.0,21:00:00,945,20211222
1640091601403190289,20211222,v2205,DCE,8435.0,3234,136336130.0,9040.0,7858.0,21:00:01,148,20211222
1640091601435532898,20211221,MA201,CZCE,2636.0,1628,4297920.0,2902.0,2422.0,21:00:01,0,20211221
1640091601435534776,20211221,MA202,CZCE,2590.0,2727,7060203.0,2857.0,2385.0,21:00:01,0,20211221
1640091601435536898,20211221,MA203,CZCE,2575.0,1613,4161540.0,2846.0,2376.0,21:00:01,0,20211221
1640091601435539099,20211221,MA204,CZCE,2567.0,15,38490.0,2837.0,2367.0,21:00:01,0,20211221
1640091601435541114,20211221,MA205,CZCE,2553.0,8635,22036520.0,2823.0,2355.0,21:00:01,0,20211221
1640091601435543488,20211221,MA206,CZCE,2562.0,0,0.0,2761.0,2399.0,21:00:01,0,20211221
1640091601440534305,20211222,lu2202,INE,3427.0,8,274880.0,3679.0,3134.0,21:00:01,0,20211221
1640091601440536356,20211222,lu2203,INE,3392.0,93,3149890.0,3626.0,3089.0,21:00:01,0,20211221
1640091601440538045,20211222,lu2204,INE,3359.0,2,67180.0,3594.0,3061.0,21:00:01,0,20211221
1640091601440539946,20211222,lu2205,INE,3336.0,0,0.0,3574.0,3045.0,21:00:01,0,20211221
1640091601440541485,20211222,lu2206,INE,3280.0,0,0.0,3542.0,3017.0,21:00:01,0,20211221
1640091601440542959,20211222,lu2207,INE,3423.0,0,0.0,3696.0,3149.0,21:00:01,0,20211221
1640091601440544738,20211222,lu2208,INE,3355.0,0,0.0,3623.0,3086.0,21:00:01,0,20211221
1640091601440546425,20211222,lu2209,INE,3036.0,0,0.0,3278.0,2793.0,21:00:01,0,20211221
1640091601440548275,20211222,lu2210,INE,3281.0,0,0.0,3543.0,3018.0,21:00:01,0,20211221
1640091601440549869,20211222,lu2211,INE,3310.0,0,0.0,3574.0,3045.0,21:00:01,0,20211221
1640091601440551619,20211222,lu2212,INE,3296.0,0,0.0,3823.0,2768.0,21:00:01,0,20211221
1640091601441682631,20211222,sc2201,INE,455.0,0,0.0,491.0,418.3,21:00:01,0,20211221
1640091601441684962,20211222,sc2202,INE,456.0,116,52881900.0,482.6,411.1,21:00:01,0,20211221
1640091601451939910,20211222,sc2203,INE,454.0,7,3179300.0,482.0,410.5,21:00:01,0,20211221
1640091601451948748,20211222,ag2201,SHFE,4797.0,10,719550.0,5185.0,4242.0,21:00:01,0,20211221
1640091601451951219,20211222,ag2202,SHFE,4804.0,111,8000250.0,5192.0,4248.0,21:00:01,0,20211221
1640091601451953499,20211222,ag2203,SHFE,4818.0,102,7372215.0,5205.0,4258.0,21:00:01,0,20211221
1640091601451955810,20211222,ag2204,SHFE,4836.0,15,1085355.0,5222.0,4273.0,21:00:01,0,20211221
1640091601452060202,20211222,ag2205,SHFE,4848.0,545,39603465.0,5234.0,4283.0,21:00:01,0,20211221
1640091601452062669,20211222,ag2206,SHFE,4862.0,4420,322239345.0,5250.0,4295.0,21:00:01,0,20211221
1640091601452064813,20211222,ag2207,SHFE,4859.0,1,72885.0,5269.0,4311.0,21:00:01,0,20211221
1640091601452067357,20211222,ag2208,SHFE,4869.0,1,73035.0,5275.0,4316.0,21:00:01,0,20211221
1640091601452069407,20211222,ag2209,SHFE,4881.0,5,364785.0,5270.0,4311.0,21:00:01,0,20211221
1640091601452071432,20211222,ag2210,SHFE,4901.0,2,146670.0,5300.0,4337.0,21:00:01,0,20211221
1640091601452073878,20211222,ag2211,SHFE,4899.0,1,73485.0,5281.0,4320.0,21:00:01,0,20211221
1640091601452075701,20211222,ag2212,SHFE,4925.0,2,147375.0,5331.0,4362.0,21:00:01,0,20211221
1640091601486837558,20211222,au2201,SHFE,367.8,0,0.0,390.48,346.26,21:00:01,0,20211221
1640091601486840119,20211222,au2202,SHFE,371.32,199,73886800.0,392.84,348.38,21:00:01,0,20211221
1640091601486841957,20211222,au2203,SHFE,370.56,0,0.0,393.12,348.62,21:00:01,0,20211221
1640091601486844344,20211222,au2204,SHFE,372.32000000000005,11,4092920.0,394.02,349.4,21:00:01,0,20211221
1640091601494719290,20211222,sc2204,INE,452.7,1,452700.0,479.5,408.4,21:00:01,0,20211221
1640091601494721849,20211222,sc2205,INE,450.8,0,0.0,481.4,410.1,21:00:01,0,20211221
1640091601494723622,20211222,sc2206,INE,450.5,0,0.0,479.8,408.7,21:00:01,0,20211221
1640091601494725335,20211222,sc2208,INE,450.6,0,0.0,486.6,414.5,21:00:01,0,20211221
1640091601494732987,20211222,au2206,SHFE,373.18,44,16416480.0,394.86,350.16,21:00:01,0,20211221
1640091601494735082,20211222,au2208,SHFE,373.52,35,13073200.0,395.8,350.98,21:00:01,0,20211221
1640091601494737184,20211222,au2210,SHFE,373.94,0,0.0,396.2,351.34,21:00:01,0,20211221
1640091601494739576,20211222,au2212,SHFE,374.3,0,0.0,397.44,352.46,21:00:01,0,20211221
1640091601641716026,20211221,MA207,CZCE,2559.0,0,0.0,2758.0,2396.0,21:00:01,0,20211221
1640091601641719103,20211221,MA209,CZCE,2535.0,51,129387.0,2736.0,2378.0,21:00:01,0,20211221
1640091601705056470,20211221,TA201,CZCE,4620.0,6399,29627370.0,4878.0,4238.0,21:00:01,0,20211221
1640091601705058605,20211221,TA202,CZCE,4618.0,6024,27770640.0,4828.0,4280.0,21:00:01,0,20211221
1640091601705060631,20211221,TA203,CZCE,4632.0,3916,18138912.0,4836.0,4288.0,21:00:01,0,20211221
1640091601705062746,20211221,TA204,CZCE,4646.0,0,0.0,4870.0,4318.0,21:00:01,0,20211221
1640091601705064921,20211221,TA205,CZCE,4676.0,6536,30549264.0,4884.0,4328.0,21:00:01,0,20211221
1640091601705066598,20211221,TA207,CZCE,4692.0,0,0.0,4902.0,4346.0,21:00:01,0,20211221
1640091601705139805,20211221,TA209,CZCE,4730.0,76,359176.0,4944.0,4384.0,21:00:01,0,20211221
1640091601705142945,20211221,TA211,CZCE,4792.0,0,0.0,5070.0,4494.0,21:00:01,0,20211221
1640091601881462134,20211221,MA201,CZCE,2638.0,1712,4519680.0,2902.0,2422.0,21:00:01,0,20211221
1640091601881463697,20211221,MA202,CZCE,2590.0,2733,7075737.0,2857.0,2385.0,21:00:01,0,20211221
1640091601881465565,20211221,MA203,CZCE,2574.0,1703,4393740.0,2846.0,2376.0,21:00:01,0,20211221
1640091601881467345,20211221,MA204,CZCE,2567.0,15,38490.0,2837.0,2367.0,21:00:01,0,20211221
1640091601881469045,20211221,MA205,CZCE,2554.0,9596,24488992.0,2823.0,2355.0,21:00:01,0,20211221
1640091601881471384,20211221,MA206,CZCE,2562.0,0,0.0,2761.0,2399.0,21:00:01,0,20211221
1640091601881473499,20211221,MA207,CZCE,2559.0,0,0.0,2758.0,2396.0,21:00:01,0,20211221
1640091601881475628,20211221,MA209,CZCE,2537.0,58,147146.0,2736.0,2378.0,21:00:01,0,20211221
1640091601881675050,20211222,y2212,DCE,8066.0,0,0.0,8564.0,7444.0,21:00:01,487,20211222
1640091601885119155,20211222,y2211,DCE,8042.0,60,4825200.0,8586.0,7466.0,21:00:01,481,20211222
1640091601886108206,20211222,y2209,DCE,8160.0,0,0.0,8672.0,7540.0,21:00:01,559,20211222
1640091601945027798,20211222,y2208,DCE,8172.0,100,8172000.0,8736.0,7596.0,21:00:01,603,20211222
1640091601945031095,20211222,y2207,DCE,8278.0,0,0.0,8796.0,7648.0,21:00:01,645,20211222
1640091602010108227,20211222,y2205,DCE,8398.0,1219,102356580.0,8890.0,7730.0,21:00:01,652,20211222
1640091602010110337,20211222,y2203,DCE,8610.0,4,344400.0,9084.0,7896.0,21:00:01,653,20211222
1640091602010112389,20211222,y2201,DCE,8884.0,393,34928120.0,9410.0,8182.0,21:00:01,652,20211222
1640091602069194743,20211221,TA201,CZCE,4620.0,6497,30081110.0,4878.0,4238.0,21:00:01,0,20211221
1640091602069197847,20211221,TA202,CZCE,4618.0,6086,28056460.0,4828.0,4280.0,21:00:01,0,20211221
1640091602069200548,20211221,TA203,CZCE,4630.0,3934,18222288.0,4836.0,4288.0,21:00:01,0,20211221
1640091602069202915,20211221,TA204,CZCE,4646.0,0,0.0,4870.0,4318.0,21:00:01,0,20211221
1640091602069206430,20211222,v2206,DCE,8386.0,1,41930.0,8994.0,7818.0,21:00:01,520,20211222
1640091602069208435,20211222,v2209,DCE,8275.0,0,0.0,8888.0,7726.0,21:00:01,460,20211222
1640091602069209925,20211222,v2208,DCE,8182.0,800,32728000.0,8748.0,7604.0,21:00:01,494,20211222
1640091602069212351,20211222,v2204,DCE,8466.0,1,42415.0,9078.0,7892.0,21:00:01,631,20211222
1640091602069214771,20211222,v2201,DCE,8513.0,193,8204205.0,9111.0,7919.0,21:00:01,654,20211222
1640091602069217244,20211221,TA205,CZCE,4678.0,7390,34540860.0,4884.0,4328.0,21:00:01,0,20211221
1640091602069219966,20211221,TA207,CZCE,4692.0,0,0.0,4902.0,4346.0,21:00:01,0,20211221
1640091602069222046,20211221,TA209,CZCE,4730.0,84,396984.0,4944.0,4384.0,21:00:01,0,20211221
1640091602069271188,20211221,TA210,CZCE,4774.0,0,0.0,5024.0,4452.0,21:00:01,0,20211221
1640091602069274047,20211221,TA212,CZCE,4794.0,0,0.0,5082.0,4506.0,21:00:01,0,20211221
1640091602069287767,20211222,v2202,DCE,8485.0,5070,214971165.0,9084.0,7896.0,21:00:01,631,20211222
1640091602069290090,20211222,v2203,DCE,8482.0,5233,221932680.0,9078.0,7892.0,21:00:01,645,20211222
1640091602069291916,20211222,v2205,DCE,8435.0,3417,144054255.0,9040.0,7858.0,21:00:01,654,20211222
1640091602069355278,20211222,lu2202,INE,3427.0,11,377690.0,3679.0,3134.0,21:00:01,500,20211221
1640091602069357547,20211222,lu2203,INE,3390.0,118,3997280.0,3626.0,3089.0,21:00:01,500,20211221
1640091602069359483,20211222,lu2204,INE,3359.0,2,67180.0,3594.0,3061.0,21:00:01,500,20211221
1640091602069361667,20211222,lu2205,INE,3336.0,0,0.0,3574.0,3045.0,21:00:01,500,20211221
1640091602069362995,20211222,lu2206,INE,3280.0,0,0.0,3542.0,3017.0,21:00:01,500,20211221
1640091602069364646,20211222,lu2207,INE,3423.0,0,0.0,3696.0,3149.0,21:00:01,500,20211221
1640091602069366043,20211222,lu2208,INE,3355.0,0,0.0,3623.0,3086.0,21:00:01,500,20211221
1640091602069367730,20211222,lu2209,INE,3036.0,0,0.0,3278.0,2793.0,21:00:01,500,20211221
1640091602069369525,20211222,lu2210,INE,3281.0,0,0.0,3543.0,3018.0,21:00:01,500,20211221
1640091602069371083,20211222,lu2211,INE,3310.0,0,0.0,3574.0,3045.0,21:00:01,500,20211221
1640091602069411047,20211222,sc2202,INE,456.0,148,67479600.0,482.6,411.1,21:00:01,500,20211221
1640091602069413330,20211222,sc2203,INE,454.40000000000003,13,5905700.0,482.0,410.5,21:00:01,500,20211221
1640091602121529729,20211222,sc2204,INE,452.7,1,452700.0,479.5,408.4,21:00:01,500,20211221
1640091602121543344,20211222,sc2205,INE,450.8,0,0.0,481.4,410.1,21:00:01,500,20211221
1640091602121546108,20211222,sc2206,INE,450.5,0,0.0,479.8,408.7,21:00:01,500,20211221
1640091602121548514,20211222,sc2412,INE,431.8,0,0.0,466.3,397.2,21:00:01,500,20211221
1640091602121561154,20211222,ag2201,SHFE,4798.0,13,935460.0,5185.0,4242.0,21:00:01,500,20211221
1640091602121563919,20211222,ag2202,SHFE,4806.0,171,12327990.0,5192.0,4248.0,21:00:01,500,20211221
1640091602121566947,20211222,ag2203,SHFE,4820.0,114,8240190.0,5205.0,4258.0,21:00:01,500,20211221
1640091602126817086,20211222,ag2204,SHFE,4833.0,20,1447830.0,5222.0,4273.0,21:00:01,500,20211221
1640091602126822024,20211222,ag2205,SHFE,4849.0,565,41058105.0,5234.0,4283.0,21:00:01,500,20211221
1640091602126824510,20211222,ag2206,SHFE,4866.0,5190,378416745.0,5250.0,4295.0,21:00:01,500,20211221
1640091602126826488,20211222,ag2207,SHFE,4859.0,1,72885.0,5269.0,4311.0,21:00:01,500,20211221
1640091602126828710,20211222,ag2208,SHFE,4869.0,1,73035.0,5275.0,4316.0,21:00:01,500,20211221
1640091602126830819,20211222,ag2209,SHFE,4876.0,6,437925.0,5270.0,4311.0,21:00:01,500,20211221
1640091602126832705,20211222,ag2210,SHFE,4901.0,2,146670.0,5300.0,4337.0,21:00:01,500,20211221
1640091602126834477,20211222,ag2211,SHFE,4899.0,1,73485.0,5281.0,4320.0,21:00:01,500,20211221
1640091602126836095,20211222,ag2212,SHFE,4925.0,2,147375.0,5331.0,4362.0,21:00:01,500,20211221
1640091602127198569,20211222,au2201,SHFE,367.8,0,0.0,390.48,346.26,21:00:01,500,20211221
1640091602127201216,20211222,au2202,SHFE,371.36,246,91340100.0,392.84,348.38,21:00:01,500,20211221
1640091602127203006,20211222,au2203,SHFE,370.56,0,0.0,393.12,348.62,21:00:01,500,20211221
1640091602127205524,20211222,au2204,SHFE,372.46000000000004,16,5954860.0,394.02,349.4,21:00:01,500,20211221
1640091602127207524,20211222,au2206,SHFE,373.34,58,21642420.0,394.86,350.16,21:00:01,500,20211221
1640091602127209511,20211222,au2208,SHFE,373.52,35,13073200.0,395.8,350.98,21:00:01,500,20211221
1640091602127427276,20211222,au2210,SHFE,373.94,0,0.0,396.2,351.34,21:00:01,500,20211221
1640091602127429814,20211222,au2212,SHFE,374.3,0,0.0,397.44,352.46,21:00:01,500,20211221
1640091602433234560,20211221,MA201,CZCE,2637.0,1845,4868955.0,2902.0,2422.0,21:00:02,0,20211221
1640091602433236603,20211221,MA202,CZCE,2590.0,2741,7096449.0,2857.0,2385.0,21:00:02,0,20211221
1640091602433238706,20211221,MA203,CZCE,2578.0,1751,4517580.0,2846.0,2376.0,21:00:02,0,20211221
1640091602433242192,20211221,MA204,CZCE,2567.0,15,38490.0,2837.0,2367.0,21:00:02,0,20211221
1640091602433244301,20211221,MA205,CZCE,2555.0,10675,27253275.0,2823.0,2355.0,21:00:02,0,20211221
1640091602433246311,20211221,MA206,CZCE,2562.0,0,0.0,2761.0,2399.0,21:00:02,0,20211221
1640091602433248579,20211221,MA207,CZCE,2559.0,0,0.0,2758.0,2396.0,21:00:02,0,20211221
1640091602433251017,20211221,MA209,CZCE,2535.0,59,149683.0,2736.0,2378.0,21:00:02,0,20211221
1640091602492680907,20211221,TA201,CZCE,4618.0,6498,30085740.0,4878.0,4238.0,21:00:02,0,20211221
1640091602492682925,20211221,TA202,CZCE,4618.0,6087,28061070.0,4828.0,4280.0,21:00:02,0,20211221
1640091602492765389,20211221,TA203,CZCE,4630.0,3973,18402936.0,4836.0,4288.0,21:00:02,0,20211221
1640091602492767569,20211221,TA204,CZCE,4646.0,0,0.0,4870.0,4318.0,21:00:02,0,20211221
1640091602492769417,20211221,TA205,CZCE,4678.0,7598,35513052.0,4884.0,4328.0,21:00:02,0,20211221
1640091602492770974,20211221,TA206,CZCE,4676.0,0,0.0,4906.0,4350.0,21:00:02,0,20211221
1640091602492772565,20211221,TA207,CZCE,4692.0,0,0.0,4902.0,4346.0,21:00:02,0,20211221
1640091602492774734,20211221,TA208,CZCE,4708.0,0,0.0,4952.0,4388.0,21:00:02,0,20211221
1640091602492776472,20211221,TA209,CZCE,4730.0,86,406608.0,4944.0,4384.0,21:00:02,0,20211221
1640091602492778171,20211221,TA210,CZCE,4774.0,0,0.0,5024.0,4452.0,21:00:02,0,20211221
1640091602492779898,20211221,TA211,CZCE,4792.0,0,0.0,5070.0,4494.0,21:00:02,0,20211221
1640091602492782333,20211221,TA212,CZCE,4794.0,0,0.0,5082.0,4506.0,21:00:02,0,20211221
1640091602495492992,20211222,y2211,DCE,8042.0,60,4825200.0,8586.0,7466.0,21:00:02,13,20211222
1640091602495494693,20211222,y2209,DCE,8160.0,0,0.0,8672.0,7540.0,21:00:01,962,20211222
1640091602495496811,20211222,y2208,DCE,8172.0,100,8172000.0,8736.0,7596.0,21:00:02,0,20211222
1640091602495498254,20211222,y2207,DCE,8278.0,0,0.0,8796.0,7648.0,21:00:01,980,20211222
1640091602495500326,20211222,y2205,DCE,8400.0,1368,114872500.0,8890.0,7730.0,21:00:02,148,20211222
1640091602495501487,20211222,y2203,DCE,8610.0,4,344400.0,9084.0,7896.0,21:00:02,149,20211222
1640091602495505435,20211222,y2201,DCE,8886.0,400,35550140.0,9410.0,8182.0,21:00:02,146,20211222
1640091602495507526,20211222,v2206,DCE,8386.0,1,41930.0,8994.0,7818.0,21:00:01,969,20211222
1640091602495509244,20211222,v2209,DCE,8275.0,0,0.0,8888.0,7726.0,21:00:01,702,20211222
1640091602495510774,20211222,v2204,DCE,8466.0,1,42415.0,9078.0,7892.0,21:00:02,24,20211222
1640091602495513293,20211222,v2201,DCE,8512.0,201,8544845.0,9111.0,7919.0,21:00:02,141,20211222
1640091602495514986,20211222,v2202,DCE,8480.0,5085,215607715.0,9084.0,7896.0,21:00:02,24,20211222
1640091602495516850,20211222,v2203,DCE,8482.0,5236,222059980.0,9078.0,7892.0,21:00:02,24,20211222
1640091602549115852,20211222,v2205,DCE,8436.0,3636,153290910.0,9040.0,7858.0,21:00:02,150,20211222
1640091602550974872,20211222,lu2202,INE,3427.0,12,411960.0,3679.0,3134.0,21:00:02,0,20211221
1640091602551060434,20211222,lu2203,INE,3390.0,136,4607450.0,3626.0,3089.0,21:00:02,0,20211221
1640091602551064236,20211222,lu2204,INE,3358.0,3,100760.0,3594.0,3061.0,21:00:02,0,20211221
1640091602551067089,20211222,lu2205,INE,3344.0,1,33440.0,3574.0,3045.0,21:00:02,0,20211221
1640091602551068827,20211222,lu2209,INE,3036.0,0,0.0,3278.0,2793.0,21:00:02,0,20211221
1640091602552052551,20211222,sc2202,INE,456.2,173,78881100.0,482.6,411.1,21:00:02,0,20211221
1640091602552741605,20211222,sc2203,INE,454.40000000000003,13,5905700.0,482.0,410.5,21:00:02,0,20211221
1640091602552773037,20211222,sc2204,INE,452.7,1,452700.0,479.5,408.4,21:00:02,0,20211221
1640091602552775314,20211222,sc2205,INE,450.8,0,0.0,481.4,410.1,21:00:02,0,20211221
1640091602552777293,20211222,sc2206,INE,450.5,0,0.0,479.8,408.7,21:00:02,0,20211221
1640091602552779063,20211222,sc2208,INE,450.6,0,0.0,486.6,414.5,21:00:02,0,20211221
1640091602552780935,20211222,sc2209,INE,448.2,0,0.0,483.5,411.8,21:00:02,0,20211221
1640091602552785260,20211222,sc2210,INE,450.1,0,0.0,481.3,410.0,21:00:02,0,20211221
1640091602552786892,20211222,sc2211,INE,449.4,0,0.0,485.3,413.4,21:00:02,0,20211221
1640091602552789198,20211222,sc2212,INE,436.7,0,0.0,474.2,403.9,21:00:02,0,20211221
1640091602552790546,20211222,sc2303,INE,443.2,0,0.0,478.5,407.6,21:00:02,0,20211221
1640091602552792401,20211222,sc2309,INE,446.9,0,0.0,482.6,411.1,21:00:02,0,20211221
1640091602552794157,20211222,sc2312,INE,435.1,0,0.0,469.9,400.2,21:00:02,0,20211221
1640091602552795801,20211222,sc2403,INE,428.9,0,0.0,463.2,394.5,21:00:02,0,20211221
1640091602552797573,20211222,sc2409,INE,435.0,0,0.0,468.2,398.9,21:00:02,0,20211221
1640091602552799113,20211222,sc2412,INE,431.8,0,0.0,466.3,397.2,21:00:02,0,20211221
1640091602552802342,20211222,ag2201,SHFE,4797.0,30,2159415.0,5185.0,4242.0,21:00:02,0,20211221
1640091602552804379,20211222,ag2202,SHFE,4812.0,177,12761070.0,5192.0,4248.0,21:00:02,0,20211221
1640091602560655312,20211222,ag2203,SHFE,4823.0,128,9252945.0,5205.0,4258.0,21:00:02,0,20211221
1640091602560662091,20211222,ag2204,SHFE,4839.0,25,1810755.0,5222.0,4273.0,21:00:02,0,20211221
1640091602560664573,20211222,ag2205,SHFE,4850.0,571,41494605.0,5234.0,4283.0,21:00:02,0,20211221
1640091602560667387,20211222,ag2206,SHFE,4866.0,6155,448836795.0,5250.0,4295.0,21:00:02,0,20211221
1640091602560669350,20211222,ag2207,SHFE,4859.0,1,72885.0,5269.0,4311.0,21:00:02,0,20211221
1640091602560671613,20211222,ag2208,SHFE,4869.0,1,73035.0,5275.0,4316.0,21:00:02,0,20211221
1640091602560673781,20211222,ag2209,SHFE,4876.0,6,437925.0,5270.0,4311.0,21:00:02,0,20211221
1640091602560675572,20211222,ag2210,SHFE,4901.0,2,146670.0,5300.0,4337.0,21:00:02,0,20211221
1640091602560679595,20211222,ag2211,SHFE,4899.0,1,73485.0,5281.0,4320.0,21:00:02,0,20211221
1640091602560681356,20211222,ag2212,SHFE,4925.0,2,147375.0,5331.0,4362.0,21:00:02,0,20211221
1640091602614032404,20211222,au2201,SHFE,367.8,0,0.0,390.48,346.26,21:00:02,0,20211221
1640091602614059092,20211222,au2202,SHFE,371.36,303,112508320.0,392.84,348.38,21:00:02,0,20211221
1640091602614062711,20211222,au2203,SHFE,370.56,0,0.0,393.12,348.62,21:00:02,0,20211221
1640091602614066550,20211222,au2204,SHFE,372.3,28,10422680.0,394.02,349.4,21:00:02,0,20211221
1640091602614070319,20211222,au2206,SHFE,373.32,72,26867640.0,394.86,350.16,21:00:02,0,20211221
1640091602614073783,20211222,au2208,SHFE,373.52,35,13073200.0,395.8,350.98,21:00:02,0,20211221
1640091602614076746,20211222,au2210,SHFE,373.94,0,0.0,396.2,351.34,21:00:02,0,20211221
1640091602614146867,20211222,au2212,SHFE,374.3,0,0.0,397.44,352.46,21:00:02,0,20211221
1640091602909905345,20211221,MA201,CZCE,2638.0,1870,4934930.0,2902.0,2422.0,21:00:02,0,20211221
1640091602909908555,20211221,MA202,CZCE,2594.0,2745,7106805.0,2857.0,2385.0,21:00:02,0,20211221
1640091602909912342,20211221,MA203,CZCE,2579.0,1811,4672380.0,2846.0,2376.0,21:00:02,0,20211221
1640091602909915967,20211221,MA204,CZCE,2567.0,15,38490.0,2837.0,2367.0,21:00:02,0,20211221
1640091602909919539,20211221,MA205,CZCE,2554.0,12350,31529550.0,2823.0,2355.0,21:00:02,0,20211221
1640091602909923178,20211221,MA206,CZCE,2562.0,0,0.0,2761.0,2399.0,21:00:02,0,20211221
1640091602909926479,20211221,MA207,CZCE,2559.0,0,0.0,2758.0,2396.0,21:00:02,0,20211221
1640091602909929597,20211221,MA208,CZCE,2580.0,0,0.0,2751.0,2391.0,21:00:02,0,20211221
1640091602909932847,20211221,MA209,CZCE,2536.0,60,152220.0,2736.0,2378.0,21:00:02,0,20211221
1640091602909936113,20211221,MA210,CZCE,2546.0,0,0.0,2746.0,2386.0,21:00:02,0,20211221
1640091602909939298,20211221,MA211,CZCE,2549.0,0,0.0,2747.0,2387.0,21:00:02,0,20211221
1640091602909942246,20211221,MA212,CZCE,2555.0,0,0.0,2732.0,2374.0,21:00:02,0,20211221
1640091602911064263,20211221,TA201,CZCE,4620.0,6510,30141300.0,4878.0,4238.0,21:00:02,0,20211221
1640091602911067631,20211221,TA202,CZCE,4618.0,6099,28116390.0,4828.0,4280.0,21:00:02,0,20211221
1640091602911070960,20211221,TA203,CZCE,4632.0,4030,18666960.0,4836.0,4288.0,21:00:02,0,20211221
1640091602911074708,20211221,TA204,CZCE,4646.0,0,0.0,4870.0,4318.0,21:00:02,0,20211221
1640091602911077871,20211221,TA205,CZCE,4678.0,8139,38041686.0,4884.0,4328.0,21:00:02,0,20211221
1640091602911080654,20211221,TA206,CZCE,4676.0,0,0.0,4906.0,4350.0,21:00:02,0,20211221
1640091602911083770,20211221,TA207,CZCE,4692.0,0,0.0,4902.0,4346.0,21:00:02,0,20211221
1640091602911086656,20211221,TA208,CZCE,4708.0,0,0.0,4952.0,4388.0,21:00:02,0,20211221
1640091602911089524,20211221,TA209,CZCE,4732.0,88,416064.0,4944.0,4384.0,21:00:02,0,20211221
1640091602911092544,20211221,TA210,CZCE,4774.0,0,0.0,5024.0,4452.0,21:00:02,0,20211221
1640091602911095260,20211221,TA211,CZCE,4792.0,0,0.0,5070.0,4494.0,21:00:02,0,20211221
1640091602911098520,20211221,TA212,CZCE,4794.0,0,0.0,5082.0,4506.0,21:00:02,0,20211221
1640091602911141877,20211222,y2211,DCE,8042.0,60,4825200.0,8586.0,7466.0,21:00:02,452,20211222
1640091602911144743,20211222,y2208,DCE,8172.0,100,8172000.0,8736.0,7596.0,21:00:02,460,20211222
1640091602911147523,20211222,y2207,DCE,8278.0,0,0.0,8796.0,7648.0,21:00:02,462,20211222
1640091602911151352,20211222,y2205,DCE,8398.0,1650,138559700.0,8890.0,7730.0,21:00:02,643,20211222
1640091602911154018,20211222,y2203,DCE,8610.0,4,344400.0,9084.0,7896.0,21:00:02,643,20211222
1640091602911157062,20211222,y2201,DCE,8884.0,411,36527380.0,9410.0,8182.0,21:00:02,643,20211222
1640091602958511021,20211222,v2206,DCE,8386.0,1,41930.0,8994.0,7818.0,21:00:02,459,20211222
1640091602958526905,20211222,v2208,DCE,8182.0,800,32728000.0,8748.0,7604.0,21:00:02,309,20211222
1640091602958530711,20211222,v2204,DCE,8466.0,1,42415.0,9078.0,7892.0,21:00:02,461,20211222
1640091602958535624,20211222,v2201,DCE,8518.0,204,8672625.0,9111.0,7919.0,21:00:02,651,20211222
1640091602958538442,20211222,v2203,DCE,8482.0,5236,222059980.0,9078.0,7892.0,21:00:02,640,20211222
1640091602958542381,20211222,v2205,DCE,8436.0,3873,163286900.0,9040.0,7858.0,21:00:02,651,20211222
1640091602971909817,20211222,lu2202,INE,3427.0,13,446230.0,3679.0,3134.0,21:00:02,500,20211221
1640091602971913698,20211222,lu2203,INE,3388.0,147,4980270.0,3626.0,3089.0,21:00:02,500,20211221
1640091603070104794,20211222,lu2204,INE,3357.0,4,134330.0,3594.0,3061.0,21:00:02,500,20211221
1640091603070122524,20211222,lu2205,INE,3344.0,1,33440.0,3574.0,3045.0,21:00:02,500,20211221
1640091603070151236,20211222,sc2202,INE,456.2,197,89827500.0,482.6,411.1,21:00:02,500,20211221
1640091603070154347,20211222,sc2203,INE,454.40000000000003,13,5905700.0,482.0,410.5,21:00:02,500,20211221
1640091603075226708,20211222,sc2204,INE,452.7,1,452700.0,479.5,408.4,21:00:02,500,20211221
1640091603075236769,20211222,sc2205,INE,450.8,0,0.0,481.4,410.1,21:00:02,500,20211221
1640091603075239804,20211222,sc2206,INE,450.5,0,0.0,479.8,408.7,21:00:02,500,20211221
1640091603075243456,20211222,sc2208,INE,450.6,0,0.0,486.6,414.5,21:00:02,500,20211221
1640091603075246786,20211222,sc2210,INE,450.1,0,0.0,481.3,410.0,21:00:02,500,20211221
1640091603075251666,20211222,ag2201,SHFE,4797.0,44,3166785.0,5185.0,4242.0,21:00:02,500,20211221
1640091603075255674,20211222,ag2202,SHFE,4808.0,198,14276310.0,5192.0,4248.0,21:00:02,500,20211221
1640091603075259791,20211222,ag2203,SHFE,4821.0,152,10989255.0,5205.0,4258.0,21:00:02,500,20211221
1640091603075263782,20211222,ag2204,SHFE,4837.0,30,2173710.0,5222.0,4273.0,21:00:02,500,20211221
1640091603075267233,20211222,ag2205,SHFE,4850.0,575,41785590.0,5234.0,4283.0,21:00:02,500,20211221
1640091603075271405,20211222,ag2206,SHFE,4865.0,7139,520655820.0,5250.0,4295.0,21:00:02,500,20211221
1640091603075274388,20211222,ag2207,SHFE,4859.0,1,72885.0,5269.0,4311.0,21:00:02,500,20211221
1640091603075278210,20211222,ag2209,SHFE,4876.0,6,437925.0,5270.0,4311.0,21:00:02,500,20211221
1640091603075281117,20211222,ag2210,SHFE,4901.0,2,146670.0,5300.0,4337.0,21:00:02,500,20211221
1640091603075285607,20211222,ag2211,SHFE,4915.0,2,147210.0,5281.0,4320.0,21:00:02,500,20211221
1640091603075288769,20211222,ag2212,SHFE,4925.0,2,147375.0,5331.0,4362.0,21:00:02,500,20211221
1640091603075345054,20211222,au2201,SHFE,367.8,0,0.0,390.48,346.26,21:00:02,500,20211221
1640091603075353795,20211222,au2202,SHFE,371.42,346,128477380.0,392.84,348.38,21:00:02,500,20211221
1640091603075357312,20211222,au2203,SHFE,370.56,0,0.0,393.12,348.62,21:00:02,500,20211221
1640091603075360931,20211222,au2204,SHFE,372.42,32,11912300.0,394.02,349.4,21:00:02,500,20211221
1640091603075364246,20211222,au2206,SHFE,373.14,86,32093480.0,394.86,350.16,21:00:02,500,20211221
1640091603075367372,20211222,au2208,SHFE,373.52,35,13073200.0,395.8,350.98,21:00:02,500,20211221
1640091603075370451,20211222,au2210,SHFE,373.94,0,0.0,396.2,351.34,21:00:02,500,20211221
1640091603075374530,20211222,au2212,SHFE,374.3,0,0.0,397.44,352.46,21:00:02,500,20211221
1640091603231008896,20211221,MA201,CZCE,2639.0,1876,4950764.0,2902.0,2422.0,21:00:03,0,20211221
1640091603231011797,20211221,MA202,CZCE,2594.0,2745,7106805.0,2857.0,2385.0,21:00:03,0,20211221
1640091603231015481,20211221,MA203,CZCE,2579.0,1818,4690440.0,2846.0,2376.0,21:00:03,0,20211221
1640091603231018327,20211221,MA204,CZCE,2567.0,15,38490.0,2837.0,2367.0,21:00:03,0,20211221
1640091603231021354,20211221,MA205,CZCE,2557.0,13141,33548973.0,2823.0,2355.0,21:00:03,0,20211221
1640091603231025404,20211221,MA206,CZCE,2562.0,0,0.0,2761.0,2399.0,21:00:03,0,20211221
1640091603231028254,20211221,MA207,CZCE,2559.0,0,0.0,2758.0,2396.0,21:00:03,0,20211221
1640091603262384064,20211221,MA208,CZCE,2580.0,0,0.0,2751.0,2391.0,21:00:03,0,20211221
1640091603262398473,20211221,MA209,CZCE,2536.0,60,152220.0,2736.0,2378.0,21:00:03,0,20211221
1640091603262401407,20211221,MA210,CZCE,2546.0,0,0.0,2746.0,2386.0,21:00:03,0,20211221
1640091603262403644,20211221,MA211,CZCE,2549.0,0,0.0,2747.0,2387.0,21:00:03,0,20211221
1640091603351671820,20211221,TA201,CZCE,4622.0,6511,30145930.0,4878.0,4238.0,21:00:03,0,20211221
1640091603351673502,20211221,TA202,CZCE,4620.0,6103,28134830.0,4828.0,4280.0,21:00:03,0,20211221
1640091603351680517,20211221,TA203,CZCE,4632.0,4032,18676224.0,4836.0,4288.0,21:00:03,0,20211221
1640091603351682341,20211221,TA204,CZCE,4646.0,0,0.0,4870.0,4318.0,21:00:03,0,20211221
1640091603351684217,20211221,TA205,CZCE,4678.0,8404,39280296.0,4884.0,4328.0,21:00:03,0,20211221
1640091603351686010,20211221,TA206,CZCE,4676.0,0,0.0,4906.0,4350.0,21:00:03,0,20211221
1640091603351687771,20211221,TA207,CZCE,4692.0,0,0.0,4902.0,4346.0,21:00:03,0,20211221
1640091603351689827,20211221,TA209,CZCE,4732.0,89,420792.0,4944.0,4384.0,21:00:03,0,20211221
1640091603351691491,20211221,TA210,CZCE,4774.0,0,0.0,5024.0,4452.0,21:00:03,0,20211221
1640091603351693794,20211221,TA212,CZCE,4794.0,0,0.0,5082.0,4506.0,21:00:03,0,20211221
1640091603395973799,20211222,y2212,DCE,8066.0,0,0.0,8564.0,7444.0,21:00:02,831,20211222
1640091603398956719,20211222,y2211,DCE,8042.0,60,4825200.0,8586.0,7466.0,21:00:02,967,20211222
1640091603411454350,20211222,y2209,DCE,8160.0,0,0.0,8672.0,7540.0,21:00:02,946,20211222
1640091603411468653,20211222,y2208,DCE,8172.0,100,8172000.0,8736.0,7596.0,21:00:02,967,20211222
1640091603411470874,20211222,y2207,DCE,8278.0,0,0.0,8796.0,7648.0,21:00:02,968,20211222
1640091603411474407,20211222,y2205,DCE,8396.0,1926,161733220.0,8890.0,7730.0,21:00:03,145,20211222
1640091603411475998,20211222,y2203,DCE,8610.0,4,344400.0,9084.0,7896.0,21:00:03,103,20211222
1640091603411477707,20211222,y2201,DCE,8880.0,424,37681940.0,9410.0,8182.0,21:00:03,6,20211222
1640091603413296045,20211222,v2206,DCE,8401.0,4,167945.0,8994.0,7818.0,21:00:02,991,20211222
1640091603454661380,20211222,v2212,DCE,8231.0,0,0.0,8806.0,7654.0,21:00:02,799,20211222
1640091603454674001,20211222,v2211,DCE,8181.0,0,0.0,8753.0,7609.0,21:00:02,768,20211222
1640091603454677449,20211222,v2208,DCE,8182.0,800,32728000.0,8748.0,7604.0,21:00:02,981,20211222
1640091603454681920,20211222,v2207,DCE,8443.0,0,0.0,8950.0,7780.0,21:00:02,978,20211222
1640091603454683630,20211222,v2210,DCE,8348.0,0,0.0,8932.0,7764.0,21:00:02,979,20211222
1640091603454687470,20211222,v2204,DCE,8477.0,4,169570.0,9078.0,7892.0,21:00:03,124,20211222
1640091603454689698,20211222,v2201,DCE,8518.0,204,8672625.0,9111.0,7919.0,21:00:03,157,20211222
1640091603454692083,20211222,v2202,DCE,8481.0,5088,215734930.0,9084.0,7896.0,21:00:03,124,20211222
1640091603454693645,20211222,v2203,DCE,8482.0,5236,222059980.0,9078.0,7892.0,21:00:03,124,20211222
1640091603454695329,20211222,v2205,DCE,8436.0,4053,170878645.0,9040.0,7858.0,21:00:03,157,20211222
1640091603475682107,20211222,lu2202,INE,3427.0,13,446230.0,3679.0,3134.0,21:00:03,0,20211221
1640091603475685798,20211222,lu2203,INE,3390.0,155,5251320.0,3626.0,3089.0,21:00:03,0,20211221
1640091603475689540,20211222,lu2204,INE,3357.0,4,134330.0,3594.0,3061.0,21:00:03,0,20211221
1640091603475692523,20211222,lu2205,INE,3344.0,1,33440.0,3574.0,3045.0,21:00:03,0,20211221
1640091603475695488,20211222,lu2209,INE,3036.0,0,0.0,3278.0,2793.0,21:00:03,0,20211221
1640091603475886125,20211222,sc2201,INE,455.0,0,0.0,491.0,418.3,21:00:03,0,20211221
1640091603475890029,20211222,sc2202,INE,456.0,209,95299800.0,482.6,411.1,21:00:03,0,20211221
1640091603475893109,20211222,sc2203,INE,454.40000000000003,13,5905700.0,482.0,410.5,21:00:03,0,20211221
1640091603475896342,20211222,sc2204,INE,452.7,1,452700.0,479.5,408.4,21:00:03,0,20211221
1640091603475900009,20211222,sc2206,INE,450.5,0,0.0,479.8,408.7,21:00:03,0,20211221
1640091603475902925,20211222,sc2412,INE,431.8,0,0.0,466.3,397.2,21:00:03,0,20211221
1640091603477761810,20211222,ag2201,SHFE,4800.0,48,3454695.0,5185.0,4242.0,21:00:03,0,20211221
1640091603477766093,20211222,ag2202,SHFE,4812.0,202,14564880.0,5192.0,4248.0,21:00:03,0,20211221
1640091603477770278,20211222,ag2203,SHFE,4826.0,154,11133990.0,5205.0,4258.0,21:00:03,0,20211221
1640091603477774053,20211222,ag2204,SHFE,4837.0,34,2463930.0,5222.0,4273.0,21:00:03,0,20211221
1640091603477777868,20211222,ag2205,SHFE,4850.0,577,41931090.0,5234.0,4283.0,21:00:03,0,20211221
1640091603477781258,20211222,ag2206,SHFE,4866.0,7578,552698025.0,5250.0,4295.0,21:00:03,0,20211221
1640091603477783997,20211222,ag2207,SHFE,4859.0,1,72885.0,5269.0,4311.0,21:00:03,0,20211221
1640091603477786562,20211222,ag2208,SHFE,4869.0,1,73035.0,5275.0,4316.0,21:00:03,0,20211221
1640091603477789733,20211222,ag2210,SHFE,4901.0,2,146670.0,5300.0,4337.0,21:00:03,0,20211221
1640091603517531714,20211222,ag2211,SHFE,4915.0,2,147210.0,5281.0,4320.0,21:00:03,0,20211221
1640091603517548794,20211222,ag2212,SHFE,4925.0,2,147375.0,5331.0,4362.0,21:00:03,0,20211221
1640091603519622399,20211222,au2201,SHFE,367.8,0,0.0,390.48,346.26,21:00:03,0,20211221
1640091603519631581,20211222,au2202,SHFE,371.42,387,143704900.0,392.84,348.38,21:00:03,0,20211221
1640091603519635598,20211222,au2203,SHFE,370.56,0,0.0,393.12,348.62,21:00:03,0,20211221
1640091603519639884,20211222,au2204,SHFE,372.36,33,12284660.0,394.02,349.4,21:00:03,0,20211221
1640091603519643738,20211222,au2206,SHFE,373.41999999999996,96,35827160.0,394.86,350.16,21:00:03,0,20211221
1640091603519647583,20211222,au2208,SHFE,373.52,35,13073200.0,395.8,350.98,21:00:03,0,20211221
1640091603519808020,20211222,au2210,SHFE,373.94,0,0.0,396.2,351.34,21:00:03,0,20211221
1640091603519812901,20211222,au2212,SHFE,374.3,0,0.0,397.44,352.46,21:00:03,0,20211221
1640091603772613254,20211221,MA201,CZCE,2640.0,1932,5098548.0,2902.0,2422.0,21:00:03,0,20211221
1640091603772617140,20211221,MA202,CZCE,2594.0,2749,7117161.0,2857.0,2385.0,21:00:03,0,20211221
1640091603772620975,20211221,MA203,CZCE,2581.0,1849,4770420.0,2846.0,2376.0,21:00:03,0,20211221
1640091603772624946,20211221,MA204,CZCE,2567.0,15,38490.0,2837.0,2367.0,21:00:03,0,20211221
1640091603772632310,20211221,MA205,CZCE,2558.0,13373,34141269.0,2823.0,2355.0,21:00:03,0,20211221
1640091603772636460,20211221,MA206,CZCE,2562.0,0,0.0,2761.0,2399.0,21:00:03,0,20211221
1640091603772641083,20211221,MA207,CZCE,2559.0,0,0.0,2758.0,2396.0,21:00:03,0,20211221
1640091603772644309,20211221,MA208,CZCE,2580.0,0,0.0,2751.0,2391.0,21:00:03,0,20211221
1640091603772648087,20211221,MA209,CZCE,2536.0,60,152220.0,2736.0,2378.0,21:00:03,0,20211221
1640091603772651852,20211221,MA210,CZCE,2546.0,0,0.0,2746.0,2386.0,21:00:03,0,20211221
1640091603772655449,20211221,MA211,CZCE,2549.0,0,0.0,2747.0,2387.0,21:00:03,0,20211221
1640091603772659803,20211221,MA212,CZCE,2555.0,0,0.0,2732.0,2374.0,21:00:03,0,20211221
1640091603786245011,20211221,TA201,CZCE,4622.0,6511,30145930.0,4878.0,4238.0,21:00:03,0,20211221
1640091603786248769,20211221,TA202,CZCE,4618.0,6106,28148660.0,4828.0,4280.0,21:00:03,0,20211221
1640091603786253069,20211221,TA203,CZCE,4632.0,4050,18759600.0,4836.0,4288.0,21:00:03,0,20211221
1640091603786256998,20211221,TA204,CZCE,4646.0,0,0.0,4870.0,4318.0,21:00:03,0,20211221
1640091603786260739,20211221,TA205,CZCE,4678.0,8947,41818278.0,4884.0,4328.0,21:00:03,0,20211221
1640091603786264464,20211221,TA206,CZCE,4676.0,0,0.0,4906.0,4350.0,21:00:03,0,20211221
1640091603786268536,20211221,TA207,CZCE,4692.0,0,0.0,4902.0,4346.0,21:00:03,0,20211221
1640091603786275305,20211221,TA208,CZCE,4708.0,0,0.0,4952.0,4388.0,21:00:03,0,20211221
1640091603787173324,20211221,TA209,CZCE,4732.0,89,420792.0,4944.0,4384.0,21:00:03,0,20211221
1640091603787181310,20211221,TA210,CZCE,4774.0,0,0.0,5024.0,4452.0,21:00:03,0,20211221
1640091603787185029,20211221,TA211,CZCE,4792.0,0,0.0,5070.0,4494.0,21:00:03,0,20211221
1640091603787189641,20211221,TA212,CZCE,4794.0,0,0.0,5082.0,4506.0,21:00:03,0,20211221
1640091603894324898,20211222,y2212,DCE,8066.0,0,0.0,8564.0,7444.0,21:00:03,587,20211222
1640091603896064292,20211222,y2211,DCE,8042.0,60,4825200.0,8586.0,7466.0,21:00:03,592,20211222
1640091603898168406,20211222,y2209,DCE,8160.0,0,0.0,8672.0,7540.0,21:00:03,587,20211222
1640091603898685649,20211222,y2208,DCE,8230.0,103,8418900.0,8736.0,7596.0,21:00:03,530,20211222
1640091603900090750,20211222,y2207,DCE,8280.0,2,165600.0,8796.0,7648.0,21:00:03,450,20211222
1640091603950126610,20211222,y2205,DCE,8390.0,2230,187248220.0,8890.0,7730.0,21:00:03,648,20211222
1640091603950143275,20211222,y2203,DCE,8610.0,4,344400.0,9084.0,7896.0,21:00:03,644,20211222
1640091603950151533,20211222,y2201,DCE,8878.0,439,39013580.0,9410.0,8182.0,21:00:03,644,20211222
1640091603950156086,20211222,v2206,DCE,8401.0,4,167945.0,8994.0,7818.0,21:00:03,592,20211222
1640091603950159148,20211222,v2209,DCE,8275.0,0,0.0,8888.0,7726.0,21:00:03,592,20211222
1640091603950161704,20211222,v2207,DCE,8443.0,0,0.0,8950.0,7780.0,21:00:03,486,20211222
1640091603950165832,20211222,v2204,DCE,8477.0,7,296725.0,9078.0,7892.0,21:00:03,472,20211222
1640091603950169423,20211222,v2201,DCE,8520.0,211,8970815.0,9111.0,7919.0,21:00:03,602,20211222
1640091603950177899,20211222,v2202,DCE,8480.0,5094,215989360.0,9084.0,7896.0,21:00:03,602,20211222
1640091603950181309,20211222,v2203,DCE,8478.0,5238,222144760.0,9078.0,7892.0,21:00:03,472,20211222
1640091603950184138,20211222,v2205,DCE,8437.0,4254,179356100.0,9040.0,7858.0,21:00:03,657,20211222
1640091603997278250,20211222,lu2202,INE,3425.0,15,514740.0,3679.0,3134.0,21:00:03,500,20211221
1640091603997282161,20211222,lu2203,INE,3390.0,160,5420820.0,3626.0,3089.0,21:00:03,500,20211221
1640091603997286402,20211222,lu2204,INE,3356.0,6,201450.0,3594.0,3061.0,21:00:03,500,20211221
1640091603997290468,20211222,lu2205,INE,3344.0,1,33440.0,3574.0,3045.0,21:00:03,500,20211221
1640091603997293872,20211222,lu2209,INE,3036.0,0,0.0,3278.0,2793.0,21:00:03,500,20211221
1640091603997361859,20211222,sc2202,INE,456.0,227,103507300.0,482.6,411.1,21:00:03,500,20211221
1640091603997365723,20211222,sc2203,INE,454.2,14,6359900.0,482.0,410.5,21:00:03,500,20211221
1640091603997368364,20211222,sc2204,INE,452.7,1,452700.0,479.5,408.4,21:00:03,500,20211221
1640091603997371250,20211222,sc2205,INE,450.8,0,0.0,481.4,410.1,21:00:03,500,20211221
1640091603997383337,20211222,sc2206,INE,450.5,0,0.0,479.8,408.7,21:00:03,500,20211221
1640091603997385748,20211222,sc2207,INE,449.1,0,0.0,485.0,413.1,21:00:03,500,20211221
1640091603997388377,20211222,sc2208,INE,450.6,0,0.0,486.6,414.5,21:00:03,500,20211221
1640091604003018128,20211222,sc2209,INE,448.2,0,0.0,483.5,411.8,21:00:03,500,20211221
1640091604003031265,20211222,sc2210,INE,450.1,0,0.0,481.3,410.0,21:00:03,500,20211221
1640091604003034942,20211222,sc2211,INE,449.4,0,0.0,485.3,413.4,21:00:03,500,20211221
1640091604003039171,20211222,sc2212,INE,436.7,0,0.0,474.2,403.9,21:00:03,500,20211221
1640091604003048571,20211222,sc2306,INE,436.4,0,0.0,471.3,401.4,21:00:03,500,20211221
1640091604003052094,20211222,sc2406,INE,428.8,0,0.0,463.1,394.4,21:00:03,500,20211221
1640091604003061461,20211222,sc2412,INE,431.8,0,0.0,466.3,397.2,21:00:03,500,20211221
1640091604003076042,20211222,ag2201,SHFE,4803.0,55,3958875.0,5185.0,4242.0,21:00:03,500,20211221
1640091604003080128,20211222,ag2202,SHFE,4813.0,216,15575850.0,5192.0,4248.0,21:00:03,500,20211221
1640091604003083215,20211222,ag2203,SHFE,4824.0,159,11495790.0,5205.0,4258.0,21:00:03,500,20211221
1640091604003131059,20211222,ag2204,SHFE,4837.0,35,2536485.0,5222.0,4273.0,21:00:03,500,20211221
1640091604003135295,20211222,ag2205,SHFE,4850.0,578,42003840.0,5234.0,4283.0,21:00:03,500,20211221
1640091604003138952,20211222,ag2206,SHFE,4867.0,7888,575329320.0,5250.0,4295.0,21:00:03,500,20211221
1640091604003141779,20211222,ag2207,SHFE,4859.0,1,72885.0,5269.0,4311.0,21:00:03,500,20211221
1640091604003148976,20211222,ag2208,SHFE,4869.0,1,73035.0,5275.0,4316.0,21:00:03,500,20211221
1640091604003151303,20211222,ag2209,SHFE,4876.0,6,437925.0,5270.0,4311.0,21:00:03,500,20211221
1640091604003154090,20211222,ag2210,SHFE,4901.0,2,146670.0,5300.0,4337.0,21:00:03,500,20211221
1640091604003156611,20211222,ag2212,SHFE,4925.0,2,147375.0,5331.0,4362.0,21:00:03,500,20211221
1640091604004367671,20211222,au2201,SHFE,367.8,0,0.0,390.48,346.26,21:00:03,500,20211221
1640091604004371155,20211222,au2202,SHFE,371.38,435,161532920.0,392.84,348.38,21:00:03,500,20211221
1640091604004374220,20211222,au2203,SHFE,370.56,0,0.0,393.12,348.62,21:00:03,500,20211221
1640091604004378359,20211222,au2204,SHFE,372.52000000000004,41,15264480.0,394.02,349.4,21:00:03,500,20211221
1640091604004382223,20211222,au2206,SHFE,373.47999999999996,130,48523560.0,394.86,350.16,21:00:03,500,20211221
1640091604049190335,20211222,au2208,SHFE,373.52,35,13073200.0,395.8,350.98,21:00:03,500,20211221
1640091604049203897,20211222,au2210,SHFE,373.94,0,0.0,396.2,351.34,21:00:03,500,20211221
1640091604049211666,20211222,au2212,SHFE,374.3,0,0.0,397.44,352.46,21:00:03,500,20211221
1640091604214548992,20211221,MA201,CZCE,2641.0,1938,5114382.0,2902.0,2422.0,21:00:04,0,20211221
1640091604214550733,20211221,MA202,CZCE,2594.0,2749,7117161.0,2857.0,2385.0,21:00:04,0,20211221
1640091604214552915,20211221,MA203,CZCE,2583.0,1876,4840080.0,2846.0,2376.0,21:00:04,0,20211221
1640091604214555220,20211221,MA204,CZCE,2567.0,15,38490.0,2837.0,2367.0,21:00:03,0,20211221
1640091604214853475,20211221,MA205,CZCE,2557.0,14082,35951346.0,2823.0,2355.0,21:00:04,0,20211221
1640091604214856095,20211221,MA208,CZCE,2580.0,0,0.0,2751.0,2391.0,21:00:04,0,20211221
1640091604214858182,20211221,MA209,CZCE,2538.0,63,159831.0,2736.0,2378.0,21:00:04,0,20211221
1640091604214862933,20211221,MA210,CZCE,2546.0,0,0.0,2746.0,2386.0,21:00:04,0,20211221
1640091604228822793,20211221,TA201,CZCE,4620.0,6560,30372800.0,4878.0,4238.0,21:00:04,0,20211221
1640091604228826111,20211221,TA202,CZCE,4620.0,6115,28190150.0,4828.0,4280.0,21:00:04,0,20211221
1640091604228828769,20211221,TA203,CZCE,4632.0,4064,18824448.0,4836.0,4288.0,21:00:04,0,20211221
1640091604228831091,20211221,TA204,CZCE,4646.0,0,0.0,4870.0,4318.0,21:00:04,0,20211221
1640091604228978370,20211221,TA205,CZCE,4680.0,9468,44253432.0,4884.0,4328.0,21:00:04,0,20211221
1640091604228982502,20211221,TA207,CZCE,4692.0,0,0.0,4902.0,4346.0,21:00:04,0,20211221
1640091604228985359,20211221,TA208,CZCE,4708.0,0,0.0,4952.0,4388.0,21:00:04,0,20211221
1640091604228992276,20211221,TA209,CZCE,4732.0,89,420792.0,4944.0,4384.0,21:00:04,0,20211221
1640091604228995123,20211221,TA210,CZCE,4774.0,0,0.0,5024.0,4452.0,21:00:04,0,20211221
1640091604228997700,20211221,TA211,CZCE,4792.0,0,0.0,5070.0,4494.0,21:00:04,0,20211221
1640091604229001068,20211221,TA212,CZCE,4794.0,0,0.0,5082.0,4506.0,21:00:04,0,20211221
1640091604399008528,20211222,y2212,DCE,8066.0,0,0.0,8564.0,7444.0,21:00:03,835,20211222
1640091604400006787,20211222,y2211,DCE,8042.0,60,4825200.0,8586.0,7466.0,21:00:03,941,20211222
1640091604402008236,20211222,y2209,DCE,8154.0,2,163080.0,8672.0,7540.0,21:00:04,117,20211222
1640091604402016217,20211222,y2208,DCE,8260.0,104,8501500.0,8736.0,7596.0,21:00:03,940,20211222
1640091604402773384,20211222,y2207,DCE,8280.0,2,165600.0,8796.0,7648.0,21:00:03,955,20211222
1640091604403461056,20211222,y2205,DCE,8394.0,2427,203779400.0,8890.0,7730.0,21:00:04,147,20211222
1640091604405233913,20211222,y2203,DCE,8610.0,4,344400.0,9084.0,7896.0,21:00:04,147,20211222
1640091604438794590,20211222,y2201,DCE,8876.0,456,40522740.0,9410.0,8182.0,21:00:04,148,20211222
1640091604438808655,20211222,v2206,DCE,8401.0,4,167945.0,8994.0,7818.0,21:00:03,941,20211222
1640091604438812684,20211222,v2212,DCE,8231.0,0,0.0,8806.0,7654.0,21:00:03,751,20211222
1640091604438815565,20211222,v2211,DCE,8181.0,0,0.0,8753.0,7609.0,21:00:03,940,20211222
1640091604438818490,20211222,v2208,DCE,8182.0,800,32728000.0,8748.0,7604.0,21:00:03,992,20211222
1640091604438821336,20211222,v2207,DCE,8443.0,0,0.0,8950.0,7780.0,21:00:04,27,20211222
1640091604438824400,20211222,v2210,DCE,8348.0,0,0.0,8932.0,7764.0,21:00:04,54,20211222
1640091604438827915,20211222,v2204,DCE,8477.0,8,339110.0,9078.0,7892.0,21:00:04,31,20211222
1640091604438831383,20211222,v2201,DCE,8522.0,218,9269060.0,9111.0,7919.0,21:00:04,143,20211222
1640091604438834237,20211222,v2202,DCE,8480.0,5102,216328705.0,9084.0,7896.0,21:00:04,107,20211222
1640091604438837655,20211222,v2203,DCE,8478.0,5242,222314320.0,9078.0,7892.0,21:00:04,107,20211222
1640091604438841367,20211222,v2205,DCE,8436.0,4366,184079875.0,9040.0,7858.0,21:00:04,154,20211222
1640091604445603835,20211222,lu2202,INE,3421.0,20,685790.0,3679.0,3134.0,21:00:04,0,20211221
1640091604445607417,20211222,lu2203,INE,3390.0,176,5962850.0,3626.0,3089.0,21:00:04,0,20211221
1640091604445610558,20211222,lu2204,INE,3356.0,6,201450.0,3594.0,3061.0,21:00:04,0,20211221
1640091604494115241,20211222,lu2205,INE,3344.0,1,33440.0,3574.0,3045.0,21:00:04,0,20211221
1640091604494135796,20211222,lu2209,INE,3036.0,0,0.0,3278.0,2793.0,21:00:04,0,20211221
1640091604494175888,20211222,sc2202,INE,456.0,237,108067000.0,482.6,411.1,21:00:04,0,20211221
1640091604494179247,20211222,sc2203,INE,454.2,14,6359900.0,482.0,410.5,21:00:04,0,20211221
1640091604494183020,20211222,sc2204,INE,452.7,1,452700.0,479.5,408.4,21:00:04,0,20211221
1640091604494187652,20211222,sc2205,INE,450.8,0,0.0,481.4,410.1,21:00:04,0,20211221
1640091604494191232,20211222,sc2206,INE,450.5,0,0.0,479.8,408.7,21:00:04,0,20211221
1640091604494194750,20211222,sc2207,INE,449.1,0,0.0,485.0,413.1,21:00:04,0,20211221
1640091604494198203,20211222,sc2210,INE,450.1,0,0.0,481.3,410.0,21:00:04,0,20211221
1640091604494201832,20211222,sc2211,INE,449.4,0,0.0,485.3,413.4,21:00:04,0,20211221
1640091604494205712,20211222,sc2212,INE,436.7,0,0.0,474.2,403.9,21:00:04,0,20211221
1640091604494208427,20211222,sc2303,INE,443.2,0,0.0,478.5,407.6,21:00:04,0,20211221
1640091604494212288,20211222,sc2412,INE,431.8,0,0.0,466.3,397.2,21:00:04,0,20211221
1640091604494218490,20211222,ag2201,SHFE,4802.0,58,4175055.0,5185.0,4242.0,21:00:04,0,20211221
1640091604494222442,20211222,ag2202,SHFE,4815.0,225,16225875.0,5192.0,4248.0,21:00:04,0,20211221
1640091604494226558,20211222,ag2203,SHFE,4825.0,165,11930040.0,5205.0,4258.0,21:00:04,0,20211221
1640091604494230450,20211222,ag2204,SHFE,4837.0,35,2536485.0,5222.0,4273.0,21:00:04,0,20211221
1640091604495887668,20211222,ag2205,SHFE,4850.0,580,42149340.0,5234.0,4283.0,21:00:04,0,20211221
1640091604495897350,20211222,ag2206,SHFE,4867.0,8157,594966780.0,5250.0,4295.0,21:00:04,0,20211221
1640091604495901589,20211222,ag2207,SHFE,4859.0,1,72885.0,5269.0,4311.0,21:00:04,0,20211221
1640091604495905903,20211222,ag2208,SHFE,4869.0,1,73035.0,5275.0,4316.0,21:00:04,0,20211221
1640091604495909822,20211222,ag2209,SHFE,4876.0,6,437925.0,5270.0,4311.0,21:00:04,0,20211221
1640091604495913789,20211222,ag2210,SHFE,4901.0,2,146670.0,5300.0,4337.0,21:00:04,0,20211221
1640091604495917563,20211222,ag2211,SHFE,4915.0,2,147210.0,5281.0,4320.0,21:00:04,0,20211221
1640091604495920889,20211222,ag2212,SHFE,4925.0,2,147375.0,5331.0,4362.0,21:00:04,0,20211221
1640091604497732674,20211222,au2202,SHFE,371.42,487,180846380.0,392.84,348.38,21:00:04,0,20211221
1640091604497736255,20211222,au2203,SHFE,370.56,0,0.0,393.12,348.62,21:00:04,0,20211221
1640091604497741089,20211222,au2204,SHFE,372.34000000000003,50,18616260.0,394.02,349.4,21:00:04,0,20211221
1640091604497745913,20211222,au2206,SHFE,373.46,157,58603920.0,394.86,350.16,21:00:04,0,20211221
1640091604497749862,20211222,au2208,SHFE,373.52,35,13073200.0,395.8,350.98,21:00:04,0,20211221
1640091604497754063,20211222,au2210,SHFE,373.94,0,0.0,396.2,351.34,21:00:04,0,20211221
1640091604497832262,20211222,au2212,SHFE,374.3,0,0.0,397.44,352.46,21:00:04,0,20211221
1640091604745811681,20211221,MA201,CZCE,2641.0,1941,5122299.0,2902.0,2422.0,21:00:04,0,20211221
1640091604745814474,20211221,MA202,CZCE,2592.0,2763,7153407.0,2857.0,2385.0,21:00:04,0,20211221
1640091604746918007,20211221,MA203,CZCE,2580.0,1883,4858140.0,2846.0,2376.0,21:00:04,0,20211221
1640091604746922540,20211221,MA204,CZCE,2569.0,17,43639.0,2837.0,2367.0,21:00:04,0,20211221
1640091604746926095,20211221,MA205,CZCE,2558.0,14542,37125726.0,2823.0,2355.0,21:00:04,0,20211221
1640091604746929648,20211221,MA206,CZCE,2562.0,0,0.0,2761.0,2399.0,21:00:04,0,20211221
1640091604746932785,20211221,MA207,CZCE,2559.0,0,0.0,2758.0,2396.0,21:00:04,0,20211221
1640091604746936146,20211221,MA208,CZCE,2580.0,0,0.0,2751.0,2391.0,21:00:04,0,20211221
1640091604746939654,20211221,MA209,CZCE,2538.0,63,159831.0,2736.0,2378.0,21:00:04,0,20211221
1640091604869913925,20211221,MA211,CZCE,2549.0,0,0.0,2747.0,2387.0,21:00:04,0,20211221
1640091604869936391,20211221,MA212,CZCE,2555.0,0,0.0,2732.0,2374.0,21:00:04,0,20211221
1640091604932318353,20211221,TA201,CZCE,4624.0,6567,30405210.0,4878.0,4238.0,21:00:04,0,20211221
1640091604932321614,20211221,TA202,CZCE,4622.0,6122,28222420.0,4828.0,4280.0,21:00:04,0,20211221
1640091604932324566,20211221,TA203,CZCE,4634.0,4209,19496088.0,4836.0,4288.0,21:00:04,0,20211221
1640091604932327667,20211221,TA204,CZCE,4646.0,0,0.0,4870.0,4318.0,21:00:04,0,20211221
1640091604932330930,20211221,TA205,CZCE,4680.0,9821,45903354.0,4884.0,4328.0,21:00:04,0,20211221
1640091604932334365,20211221,TA207,CZCE,4692.0,0,0.0,4902.0,4346.0,21:00:04,0,20211221
1640091604932338026,20211221,TA208,CZCE,4708.0,0,0.0,4952.0,4388.0,21:00:04,0,20211221
1640091604932341243,20211221,TA209,CZCE,4732.0,89,420792.0,4944.0,4384.0,21:00:04,0,20211221
1640091604932344427,20211221,TA210,CZCE,4774.0,0,0.0,5024.0,4452.0,21:00:04,0,20211221
1640091604932347585,20211221,TA211,CZCE,4792.0,0,0.0,5070.0,4494.0,21:00:04,0,20211221
1640091604932351315,20211221,TA212,CZCE,4794.0,0,0.0,5082.0,4506.0,21:00:04,0,20211221
1640091604932373173,20211222,y2212,DCE,8066.0,0,0.0,8564.0,7444.0,21:00:04,452,20211222
1640091604932376230,20211222,y2211,DCE,8042.0,60,4825200.0,8586.0,7466.0,21:00:04,658,20211222
1640091604932379025,20211222,y2209,DCE,8154.0,2,163080.0,8672.0,7540.0,21:00:04,638,20211222
